<!DOCTYPE html>
<!-- saved from url=(0061)https://edadeal.ru/kazan/offers?segment=mayonnaise-and-sauces -->
<html><head><meta http-equiv="Content-Type" content="text/html; charset=UTF-8">  <title>Майонез и соусы — Акции и скидки сегодня в магазинах Казани — Едадил</title> <meta name="description" content="Где купить птица cо скидкой до 50% в Казани в сентябре 2017 года. Узнайте, где покупать дешевле и экономьте до 50% уже сегодня c Едадил. Каталог акций и скидок на сайте и в мобильном приложении."> <meta name="viewport" content="width=1288, user-scalable=yes"> <script type="text/javascript" async="" src="./Майонез и соусы — Акции и скидки сегодня в магазинах Казани — Едадил_files/watch.js"></script><script async="" src="./Майонез и соусы — Акции и скидки сегодня в магазинах Казани — Едадил_files/analytics.js"></script><script type="application/ld+json"> { "@context": "http://schema.org", "@type": "WebSite", "name": "Едадил", "alternateName": "Edadeal", "url": "https://edadeal.ru" } </script><meta name="theme-color" content="#349943"> <link rel="icon" type="image/png" sizes="32x32" href="https://edadeal.ru/web/static/img/favicon-32x32.png"><link rel="icon" type="image/png" sizes="96x96" href="https://edadeal.ru/web/static/img/favicon-96x96.png"><link rel="icon" type="image/png" sizes="16x16" href="https://edadeal.ru/web/static/img/favicon-16x16.png"> <link rel="icon" href="https://edadeal.ru/web/static/img/favicon.ico"> <meta property="og:url" content="https://edadeal.ru/kazan/offers?segment=poultry"><meta property="og:type" content="website"><meta property="og:site_name" content="Едадил"><meta property="og:title" content="Птица — Акции и скидки сегодня в магазинах Казани"><meta property="og:image" content="https://edadeal.ru/web/static/img/share_pic.png"><meta property="og:image:width" content="1200"><meta property="og:image:height" content="628"> <meta property="twitter:card" content="summary_large_image"><meta property="twitter:site" content="@edadeal_tw"><meta property="twitter:creator" content="@edadeal_tw"><meta property="twitter:title" content="Птица — Акции и скидки сегодня в магазинах Казани"><meta property="twitter:description" content="Где купить птица cо скидкой до 50% в Казани в сентябре 2017 года."><meta property="twitter:image" content="https://edadeal.ru/web/static/img/share_pic.png"> <script> var MANIFEST = {"p-offers":[["base","p-offers"],["p-offers.63783cfb77.css","p-offers.5954b7d59b.js"]],"p-index":[["base","p-index"],["p-index.b162521784.css","p-index.cfdf6d00e0.js"]],"p-retailers":[["base","p-retailers"],["p-retailers.ee354f302e.css","p-retailers.ed70b8453e.js"]],"p-retailer":[["base","p-offers","p-retailer"],["p-retailer.a4a168d97d.css","p-retailer.f20d5cb353.js"]],"p-offer":[["base","p-offer"],["p-offer.0a17b3d7c6.css","p-offer.7d13bffddc.js"]],"p-not-found":[["base","p-not-found"],["p-not-found.1724c9eb15.css","p-not-found.73a51e2e62.js"]],"base":[["base"],["base.85da0563ae.css","base.5f33ecf412.js"]],"libs":"libs.e3a1f6a883.js"}, CLIENT_BASE_URL = "/web/client", API_BASE_URL = "https://api.edadeal.ru/web/"; (function () { var c = MANIFEST['p-offers']; for (var i = 0; i !== c[0].length; ++i) { document.write( '<link rel="stylesheet" href="' + CLIENT_BASE_URL + '/' + MANIFEST[c[0][i]][1][0] + '">' ) } })(); </script><link rel="stylesheet" href="./Майонез и соусы — Акции и скидки сегодня в магазинах Казани — Едадил_files/base.85da0563ae.css"><link rel="stylesheet" href="./Майонез и соусы — Акции и скидки сегодня в магазинах Казани — Едадил_files/p-offers.63783cfb77.css"><script src="./Майонез и соусы — Акции и скидки сегодня в магазинах Казани — Едадил_files/libs.e3a1f6a883.js"></script><script type="text/javascript">__COLLECTION_NAMESPACE__https_github_com_kobezzza_Collection.cache.cycle["object,2,0,false,true,false,false,false,false,false,false,false,true,false,false,false,false"] = function anonymous(o,p
/*``*/) {
 var  data = o.data, cb = o.cb, filters = o.filters, priority = o.priority; var onIterationEnd = o.onIterationEnd, onComplete = o.onComplete, getDescriptor = Object.getOwnPropertyDescriptor, onError = o.onError; var TRUE = {}, FALSE = {}; var i = -1, j = 0, n = -1; var breaker = false, brkIf = false; var limit = 1, looper = 0, waitResult; var length, f, r; var el, key; var arr = [], $ = {}; var info = { startIndex: false, endIndex: false, from: false, count: false, live: false, reverse: false, withDescriptor: false, notOwn: false, inverseFilter: false, type: 'object', async: false, thread: false, priority: false && 'undefined', length: true };  var ctx = { $: $, info: info, waitResult: waitResult, onError: onError, TRUE: TRUE, FALSE: FALSE, get result() { return p.result; }, set result(value) { p.result = value; }, yield: function (opt_val) { if (true) { return false; } yielder = true; yieldVal = opt_val; return true; }, next: function (opt_val) { if (true) { return false; } ctx.thread.next(opt_val); return true; }, child: function (thread) { if (true || !thread.thread) { return false; } ctx.thread.children.push(thread.thread); return true; }, race: function (max, promise) { if (true) { return false; } if (arguments.length === 1) { promise = max; max = 1; } ctx.wait(promise).then(function () { if (race < max) { race++; if (race === max) { wait.clear(); } } }); return promise; }, wait: function (max, promise) { if (true) { return false; } function end(err) { parallel && parallel--; ctx.thread.pause && ctx.next(); } if (arguments.length > 1) { parallel++; if (parallel >= max) { ctx.yield(); } ctx.wait(promise).then(end, function (err) { if (err && err.type === 'CollectionThreadDestroy') { end(); return; } }); return promise; } else { promise = max; } if (!isPromise(promise)) { promise = typeof promise.next === 'function' ? promise.next() : promise(); } ctx.child(promise); wait.add(promise); promise.then( function (res) { if (wait.has(promise)) { waitResult.push(res); wait.delete(promise); } if (waiting) { ctx.next(); } },  function (err) { if (err && err.type === 'CollectionThreadDestroy') { wait.delete(promise); return; } onError(err); } ); return promise; }, sleep: function (time, opt_test, opt_interval) { if (true) { return false; } ctx.yield(); return new Promise(function (resolve, reject) { var sleep = ctx.thread.sleep; if (sleep != null) { sleep.resume(); } sleep = ctx.thread.sleep = { resume: function () { clearTimeout(sleep.id); ctx.thread.sleep = null; resolve(); }, id: setTimeout(function () { if (opt_test) { try { ctx.thread.sleep = null; var test = opt_test(ctx); if (test) { resolve(); ctx.next(); } else if (opt_interval !== false) { ctx.sleep(time, opt_test, opt_interval).then(resolve, reject); } } catch (err) { reject(err); onError(err); } } else { resolve(); ctx.next(); } }, time) }; }); }, jump: function (val) { if (true) { return false; } var diff = i - n; n = val - 1; i = n + diff; return i; }, i: function (val) { if (val === undefined) { return i; } if (true) { return false; } n += val; i += val; return i; }, get reset() { breaker = true; limit++; return FALSE; }, get break() { breaker = true; return FALSE; } }; var cbCtx = Object.create(ctx); cbCtx.length = o.cbLength; var filterCtx = Object.create(ctx); filterCtx.length = o.fLength; while (limit !== looper) {var tmpArray;tmpArray = Object.keys(data); length = tmpArray.length; for (n = -1; ++n < length;) { key = tmpArray[n]; if (key in data === false) { continue; } i = n + 0; el = data[key];r = cb(el,key); if (breaker) { break; }  } breaker = false; looper++; if (onIterationEnd) { onIterationEnd(ctx); } } if (onComplete) { onComplete(p.result); } return p.result; 
};__COLLECTION_NAMESPACE__https_github_com_kobezzza_Collection.cache.cycle["array,2,0,false,true,false,false,false,false,false,false,false,true,false,false,false,false"] = function anonymous(o,p
/*``*/) {
 var  data = o.data, cb = o.cb, filters = o.filters, priority = o.priority; var onIterationEnd = o.onIterationEnd, onComplete = o.onComplete, getDescriptor = Object.getOwnPropertyDescriptor, onError = o.onError; var TRUE = {}, FALSE = {}; var i = -1, j = 0, n = -1; var breaker = false, brkIf = false; var limit = 1, looper = 0, waitResult; var length, f, r; var el, key; var arr = [], $ = {}; var info = { startIndex: false, endIndex: false, from: false, count: false, live: false, reverse: false, withDescriptor: false, notOwn: false, inverseFilter: false, type: 'array', async: false, thread: false, priority: false && 'undefined', length: true };  var ctx = { $: $, info: info, waitResult: waitResult, onError: onError, TRUE: TRUE, FALSE: FALSE, get result() { return p.result; }, set result(value) { p.result = value; }, yield: function (opt_val) { if (true) { return false; } yielder = true; yieldVal = opt_val; return true; }, next: function (opt_val) { if (true) { return false; } ctx.thread.next(opt_val); return true; }, child: function (thread) { if (true || !thread.thread) { return false; } ctx.thread.children.push(thread.thread); return true; }, race: function (max, promise) { if (true) { return false; } if (arguments.length === 1) { promise = max; max = 1; } ctx.wait(promise).then(function () { if (race < max) { race++; if (race === max) { wait.clear(); } } }); return promise; }, wait: function (max, promise) { if (true) { return false; } function end(err) { parallel && parallel--; ctx.thread.pause && ctx.next(); } if (arguments.length > 1) { parallel++; if (parallel >= max) { ctx.yield(); } ctx.wait(promise).then(end, function (err) { if (err && err.type === 'CollectionThreadDestroy') { end(); return; } }); return promise; } else { promise = max; } if (!isPromise(promise)) { promise = typeof promise.next === 'function' ? promise.next() : promise(); } ctx.child(promise); wait.add(promise); promise.then( function (res) { if (wait.has(promise)) { waitResult.push(res); wait.delete(promise); } if (waiting) { ctx.next(); } },  function (err) { if (err && err.type === 'CollectionThreadDestroy') { wait.delete(promise); return; } onError(err); } ); return promise; }, sleep: function (time, opt_test, opt_interval) { if (true) { return false; } ctx.yield(); return new Promise(function (resolve, reject) { var sleep = ctx.thread.sleep; if (sleep != null) { sleep.resume(); } sleep = ctx.thread.sleep = { resume: function () { clearTimeout(sleep.id); ctx.thread.sleep = null; resolve(); }, id: setTimeout(function () { if (opt_test) { try { ctx.thread.sleep = null; var test = opt_test(ctx); if (test) { resolve(); ctx.next(); } else if (opt_interval !== false) { ctx.sleep(time, opt_test, opt_interval).then(resolve, reject); } } catch (err) { reject(err); onError(err); } } else { resolve(); ctx.next(); } }, time) }; }); }, jump: function (val) { if (false) { return false; } var diff = i - n; n = val - 1; i = n + diff; return i; }, i: function (val) { if (val === undefined) { return i; } if (false) { return false; } n += val; i += val; return i; }, get reset() { breaker = true; limit++; return FALSE; }, get break() { breaker = true; return FALSE; } }; var cbCtx = Object.create(ctx); cbCtx.length = o.cbLength; var filterCtx = Object.create(ctx); filterCtx.length = o.fLength; while (limit !== looper) { var clone = data, dLength = data.length - 1;  length = clone.length; for (n = -1; ++n < length;) { i = n + 0; key =  n;el = clone[n];r = cb(el,key); if (breaker) { break; }  } breaker = false; looper++; if (onIterationEnd) { onIterationEnd(ctx); } } if (onComplete) { onComplete(p.result); } return p.result; 
};__COLLECTION_NAMESPACE__https_github_com_kobezzza_Collection.cache.cycle["array,1,0,false,true,false,false,false,false,false,false,false,true,false,false,false,false"] = function anonymous(o,p
/*``*/) {
 var  data = o.data, cb = o.cb, filters = o.filters, priority = o.priority; var onIterationEnd = o.onIterationEnd, onComplete = o.onComplete, getDescriptor = Object.getOwnPropertyDescriptor, onError = o.onError; var TRUE = {}, FALSE = {}; var i = -1, j = 0, n = -1; var breaker = false, brkIf = false; var limit = 1, looper = 0, waitResult; var length, f, r; var el, key; var arr = [], $ = {}; var info = { startIndex: false, endIndex: false, from: false, count: false, live: false, reverse: false, withDescriptor: false, notOwn: false, inverseFilter: false, type: 'array', async: false, thread: false, priority: false && 'undefined', length: true };  var ctx = { $: $, info: info, waitResult: waitResult, onError: onError, TRUE: TRUE, FALSE: FALSE, get result() { return p.result; }, set result(value) { p.result = value; }, yield: function (opt_val) { if (true) { return false; } yielder = true; yieldVal = opt_val; return true; }, next: function (opt_val) { if (true) { return false; } ctx.thread.next(opt_val); return true; }, child: function (thread) { if (true || !thread.thread) { return false; } ctx.thread.children.push(thread.thread); return true; }, race: function (max, promise) { if (true) { return false; } if (arguments.length === 1) { promise = max; max = 1; } ctx.wait(promise).then(function () { if (race < max) { race++; if (race === max) { wait.clear(); } } }); return promise; }, wait: function (max, promise) { if (true) { return false; } function end(err) { parallel && parallel--; ctx.thread.pause && ctx.next(); } if (arguments.length > 1) { parallel++; if (parallel >= max) { ctx.yield(); } ctx.wait(promise).then(end, function (err) { if (err && err.type === 'CollectionThreadDestroy') { end(); return; } }); return promise; } else { promise = max; } if (!isPromise(promise)) { promise = typeof promise.next === 'function' ? promise.next() : promise(); } ctx.child(promise); wait.add(promise); promise.then( function (res) { if (wait.has(promise)) { waitResult.push(res); wait.delete(promise); } if (waiting) { ctx.next(); } },  function (err) { if (err && err.type === 'CollectionThreadDestroy') { wait.delete(promise); return; } onError(err); } ); return promise; }, sleep: function (time, opt_test, opt_interval) { if (true) { return false; } ctx.yield(); return new Promise(function (resolve, reject) { var sleep = ctx.thread.sleep; if (sleep != null) { sleep.resume(); } sleep = ctx.thread.sleep = { resume: function () { clearTimeout(sleep.id); ctx.thread.sleep = null; resolve(); }, id: setTimeout(function () { if (opt_test) { try { ctx.thread.sleep = null; var test = opt_test(ctx); if (test) { resolve(); ctx.next(); } else if (opt_interval !== false) { ctx.sleep(time, opt_test, opt_interval).then(resolve, reject); } } catch (err) { reject(err); onError(err); } } else { resolve(); ctx.next(); } }, time) }; }); }, jump: function (val) { if (false) { return false; } var diff = i - n; n = val - 1; i = n + diff; return i; }, i: function (val) { if (val === undefined) { return i; } if (false) { return false; } n += val; i += val; return i; }, get reset() { breaker = true; limit++; return FALSE; }, get break() { breaker = true; return FALSE; } }; var cbCtx = Object.create(ctx); cbCtx.length = o.cbLength; var filterCtx = Object.create(ctx); filterCtx.length = o.fLength; while (limit !== looper) { var clone = data, dLength = data.length - 1;  length = clone.length; for (n = -1; ++n < length;) { i = n + 0; el = clone[n];r = cb(el); if (breaker) { break; }  } breaker = false; looper++; if (onIterationEnd) { onIterationEnd(ctx); } } if (onComplete) { onComplete(p.result); } return p.result; 
};__COLLECTION_NAMESPACE__https_github_com_kobezzza_Collection.cache.cycle["object,2,0,false,true,false,false,true,false,false,false,false,true,false,false,false,false"] = function anonymous(o,p
/*``*/) {
 var  data = o.data, cb = o.cb, filters = o.filters, priority = o.priority; var onIterationEnd = o.onIterationEnd, onComplete = o.onComplete, getDescriptor = Object.getOwnPropertyDescriptor, onError = o.onError; var TRUE = {}, FALSE = {}; var i = -1, j = 0, n = -1; var breaker = false, brkIf = false; var limit = 1, looper = 0, waitResult; var length, f, r; var el, key; var arr = [], $ = {}; var info = { startIndex: false, endIndex: false, from: false, count: false, live: false, reverse: false, withDescriptor: true, notOwn: false, inverseFilter: false, type: 'object', async: false, thread: false, priority: false && 'undefined', length: true };  var ctx = { $: $, info: info, waitResult: waitResult, onError: onError, TRUE: TRUE, FALSE: FALSE, get result() { return p.result; }, set result(value) { p.result = value; }, yield: function (opt_val) { if (true) { return false; } yielder = true; yieldVal = opt_val; return true; }, next: function (opt_val) { if (true) { return false; } ctx.thread.next(opt_val); return true; }, child: function (thread) { if (true || !thread.thread) { return false; } ctx.thread.children.push(thread.thread); return true; }, race: function (max, promise) { if (true) { return false; } if (arguments.length === 1) { promise = max; max = 1; } ctx.wait(promise).then(function () { if (race < max) { race++; if (race === max) { wait.clear(); } } }); return promise; }, wait: function (max, promise) { if (true) { return false; } function end(err) { parallel && parallel--; ctx.thread.pause && ctx.next(); } if (arguments.length > 1) { parallel++; if (parallel >= max) { ctx.yield(); } ctx.wait(promise).then(end, function (err) { if (err && err.type === 'CollectionThreadDestroy') { end(); return; } }); return promise; } else { promise = max; } if (!isPromise(promise)) { promise = typeof promise.next === 'function' ? promise.next() : promise(); } ctx.child(promise); wait.add(promise); promise.then( function (res) { if (wait.has(promise)) { waitResult.push(res); wait.delete(promise); } if (waiting) { ctx.next(); } },  function (err) { if (err && err.type === 'CollectionThreadDestroy') { wait.delete(promise); return; } onError(err); } ); return promise; }, sleep: function (time, opt_test, opt_interval) { if (true) { return false; } ctx.yield(); return new Promise(function (resolve, reject) { var sleep = ctx.thread.sleep; if (sleep != null) { sleep.resume(); } sleep = ctx.thread.sleep = { resume: function () { clearTimeout(sleep.id); ctx.thread.sleep = null; resolve(); }, id: setTimeout(function () { if (opt_test) { try { ctx.thread.sleep = null; var test = opt_test(ctx); if (test) { resolve(); ctx.next(); } else if (opt_interval !== false) { ctx.sleep(time, opt_test, opt_interval).then(resolve, reject); } } catch (err) { reject(err); onError(err); } } else { resolve(); ctx.next(); } }, time) }; }); }, jump: function (val) { if (true) { return false; } var diff = i - n; n = val - 1; i = n + diff; return i; }, i: function (val) { if (val === undefined) { return i; } if (true) { return false; } n += val; i += val; return i; }, get reset() { breaker = true; limit++; return FALSE; }, get break() { breaker = true; return FALSE; } }; var cbCtx = Object.create(ctx); cbCtx.length = o.cbLength; var filterCtx = Object.create(ctx); filterCtx.length = o.fLength; while (limit !== looper) {var tmpArray;tmpArray = Object.keys(data); length = tmpArray.length; for (n = -1; ++n < length;) { key = tmpArray[n]; if (key in data === false) { continue; } i = n + 0; el = getDescriptor(data, key);r = cb(el,key); if (breaker) { break; }  } breaker = false; looper++; if (onIterationEnd) { onIterationEnd(ctx); } } if (onComplete) { onComplete(p.result); } return p.result; 
};__COLLECTION_NAMESPACE__https_github_com_kobezzza_Collection.cache.cycle["object,1,0,false,true,false,false,false,false,false,false,false,true,false,false,false,false"] = function anonymous(o,p
/*``*/) {
 var  data = o.data, cb = o.cb, filters = o.filters, priority = o.priority; var onIterationEnd = o.onIterationEnd, onComplete = o.onComplete, getDescriptor = Object.getOwnPropertyDescriptor, onError = o.onError; var TRUE = {}, FALSE = {}; var i = -1, j = 0, n = -1; var breaker = false, brkIf = false; var limit = 1, looper = 0, waitResult; var length, f, r; var el, key; var arr = [], $ = {}; var info = { startIndex: false, endIndex: false, from: false, count: false, live: false, reverse: false, withDescriptor: false, notOwn: false, inverseFilter: false, type: 'object', async: false, thread: false, priority: false && 'undefined', length: true };  var ctx = { $: $, info: info, waitResult: waitResult, onError: onError, TRUE: TRUE, FALSE: FALSE, get result() { return p.result; }, set result(value) { p.result = value; }, yield: function (opt_val) { if (true) { return false; } yielder = true; yieldVal = opt_val; return true; }, next: function (opt_val) { if (true) { return false; } ctx.thread.next(opt_val); return true; }, child: function (thread) { if (true || !thread.thread) { return false; } ctx.thread.children.push(thread.thread); return true; }, race: function (max, promise) { if (true) { return false; } if (arguments.length === 1) { promise = max; max = 1; } ctx.wait(promise).then(function () { if (race < max) { race++; if (race === max) { wait.clear(); } } }); return promise; }, wait: function (max, promise) { if (true) { return false; } function end(err) { parallel && parallel--; ctx.thread.pause && ctx.next(); } if (arguments.length > 1) { parallel++; if (parallel >= max) { ctx.yield(); } ctx.wait(promise).then(end, function (err) { if (err && err.type === 'CollectionThreadDestroy') { end(); return; } }); return promise; } else { promise = max; } if (!isPromise(promise)) { promise = typeof promise.next === 'function' ? promise.next() : promise(); } ctx.child(promise); wait.add(promise); promise.then( function (res) { if (wait.has(promise)) { waitResult.push(res); wait.delete(promise); } if (waiting) { ctx.next(); } },  function (err) { if (err && err.type === 'CollectionThreadDestroy') { wait.delete(promise); return; } onError(err); } ); return promise; }, sleep: function (time, opt_test, opt_interval) { if (true) { return false; } ctx.yield(); return new Promise(function (resolve, reject) { var sleep = ctx.thread.sleep; if (sleep != null) { sleep.resume(); } sleep = ctx.thread.sleep = { resume: function () { clearTimeout(sleep.id); ctx.thread.sleep = null; resolve(); }, id: setTimeout(function () { if (opt_test) { try { ctx.thread.sleep = null; var test = opt_test(ctx); if (test) { resolve(); ctx.next(); } else if (opt_interval !== false) { ctx.sleep(time, opt_test, opt_interval).then(resolve, reject); } } catch (err) { reject(err); onError(err); } } else { resolve(); ctx.next(); } }, time) }; }); }, jump: function (val) { if (true) { return false; } var diff = i - n; n = val - 1; i = n + diff; return i; }, i: function (val) { if (val === undefined) { return i; } if (true) { return false; } n += val; i += val; return i; }, get reset() { breaker = true; limit++; return FALSE; }, get break() { breaker = true; return FALSE; } }; var cbCtx = Object.create(ctx); cbCtx.length = o.cbLength; var filterCtx = Object.create(ctx); filterCtx.length = o.fLength; while (limit !== looper) {var tmpArray;tmpArray = Object.keys(data); length = tmpArray.length; for (n = -1; ++n < length;) { key = tmpArray[n]; if (key in data === false) { continue; } i = n + 0; el = data[key];r = cb(el); if (breaker) { break; }  } breaker = false; looper++; if (onIterationEnd) { onIterationEnd(ctx); } } if (onComplete) { onComplete(p.result); } return p.result; 
};__COLLECTION_NAMESPACE__https_github_com_kobezzza_Collection.cache.cycle["array,1,1,1,true,false,false,false,false,false,false,false,true,false,false,false,false"] = function anonymous(o,p
/*``*/) {
 var  data = o.data, cb = o.cb, filters = o.filters, priority = o.priority; var onIterationEnd = o.onIterationEnd, onComplete = o.onComplete, getDescriptor = Object.getOwnPropertyDescriptor, onError = o.onError; var TRUE = {}, FALSE = {}; var i = -1, j = 0, n = -1; var breaker = false, brkIf = false; var limit = 1, looper = 0, waitResult; var length, f, r; var el, key; var arr = [], $ = {}; var info = { startIndex: false, endIndex: false, from: false, count: false, live: false, reverse: false, withDescriptor: false, notOwn: false, inverseFilter: false, type: 'array', async: false, thread: false, priority: false && 'undefined', length: true };  var ctx = { $: $, info: info, waitResult: waitResult, onError: onError, TRUE: TRUE, FALSE: FALSE, get result() { return p.result; }, set result(value) { p.result = value; }, yield: function (opt_val) { if (true) { return false; } yielder = true; yieldVal = opt_val; return true; }, next: function (opt_val) { if (true) { return false; } ctx.thread.next(opt_val); return true; }, child: function (thread) { if (true || !thread.thread) { return false; } ctx.thread.children.push(thread.thread); return true; }, race: function (max, promise) { if (true) { return false; } if (arguments.length === 1) { promise = max; max = 1; } ctx.wait(promise).then(function () { if (race < max) { race++; if (race === max) { wait.clear(); } } }); return promise; }, wait: function (max, promise) { if (true) { return false; } function end(err) { parallel && parallel--; ctx.thread.pause && ctx.next(); } if (arguments.length > 1) { parallel++; if (parallel >= max) { ctx.yield(); } ctx.wait(promise).then(end, function (err) { if (err && err.type === 'CollectionThreadDestroy') { end(); return; } }); return promise; } else { promise = max; } if (!isPromise(promise)) { promise = typeof promise.next === 'function' ? promise.next() : promise(); } ctx.child(promise); wait.add(promise); promise.then( function (res) { if (wait.has(promise)) { waitResult.push(res); wait.delete(promise); } if (waiting) { ctx.next(); } },  function (err) { if (err && err.type === 'CollectionThreadDestroy') { wait.delete(promise); return; } onError(err); } ); return promise; }, sleep: function (time, opt_test, opt_interval) { if (true) { return false; } ctx.yield(); return new Promise(function (resolve, reject) { var sleep = ctx.thread.sleep; if (sleep != null) { sleep.resume(); } sleep = ctx.thread.sleep = { resume: function () { clearTimeout(sleep.id); ctx.thread.sleep = null; resolve(); }, id: setTimeout(function () { if (opt_test) { try { ctx.thread.sleep = null; var test = opt_test(ctx); if (test) { resolve(); ctx.next(); } else if (opt_interval !== false) { ctx.sleep(time, opt_test, opt_interval).then(resolve, reject); } } catch (err) { reject(err); onError(err); } } else { resolve(); ctx.next(); } }, time) }; }); }, jump: function (val) { if (false) { return false; } var diff = i - n; n = val - 1; i = n + diff; return i; }, i: function (val) { if (val === undefined) { return i; } if (false) { return false; } n += val; i += val; return i; }, get reset() { breaker = true; limit++; return FALSE; }, get break() { breaker = true; return FALSE; } }; var cbCtx = Object.create(ctx); cbCtx.length = o.cbLength; var filterCtx = Object.create(ctx); filterCtx.length = o.fLength; while (limit !== looper) { var clone = data, dLength = data.length - 1;  length = clone.length; for (n = -1; ++n < length;) { i = n + 0; el = clone[n]; if (f === undefined || f === true) { f = filters[0](el);  f = f && f !== FALSE || f === TRUE; } if (f) {r = cb(el);}f = undefined; if (breaker) { break; }  } breaker = false; looper++; if (onIterationEnd) { onIterationEnd(ctx); } } if (onComplete) { onComplete(p.result); } return p.result; 
};__COLLECTION_NAMESPACE__https_github_com_kobezzza_Collection.ready = true;</script>  <script type="text/javascript">Sugar.extend(); Sugar.Date.setLocale('ru');</script> <script> (function () { var c = MANIFEST['p-offers']; for (var i = 0; i !== c[0].length; ++i) { document.write( '<script src="' + CLIENT_BASE_URL + '/' + MANIFEST[c[0][i]][1][1] + '"></' + 'script>' ) } })(); </script><script src="./Майонез и соусы — Акции и скидки сегодня в магазинах Казани — Едадил_files/base.5f33ecf412.js"></script><script src="./Майонез и соусы — Акции и скидки сегодня в магазинах Казани — Едадил_files/p-offers.5954b7d59b.js"></script><script type="text/javascript">!function(e,t,a,n,c,o,s){e.GoogleAnalyticsObject=c,e[c]=e[c]||function(){(e[c].q=e[c].q||[]).push(arguments)},e[c].l=1*new Date,o=t.createElement(a),s=t.getElementsByTagName(a)[0],o.async=1,o.src="https://www.google-analytics.com/analytics.js",s.parentNode.insertBefore(o,s)}(window,document,"script",0,"ga"),ga("create","UA-56745447-3","auto"),ga("send","pageview");</script> <script type="text/javascript">!function(e,t,a){(t[a]=t[a]||[]).push(function(){try{t.yaCounter=new Ya.Metrika({id:34675050,clickmap:!0,trackLinks:!0,accurateTrackBounce:!0,webvisor:!0,trackHash:!0})}catch(e){}});var c=e.getElementsByTagName("script")[0],n=e.createElement("script"),r=function(){c.parentNode.insertBefore(n,c)};n.type="text/javascript",n.async=!0,n.src="https://mc.yandex.ru/metrika/watch.js","[object Opera]"==t.opera?e.addEventListener("DOMContentLoaded",r,!1):r()}(document,window,"yandex_metrika_callbacks");</script><script src="blob:https://edadeal.ru/c862752b-7f91-4d88-96ca-f1730fb5d2f8"></script><script src="blob:https://edadeal.ru/9f4329ff-9d8c-413b-9f61-8576777e23c2"></script><script src="blob:https://edadeal.ru/bc6ab7c7-0c3f-4cd0-8a85-1bd12798fc1b"></script></head> <body><div id="touchvpn_icon_container" class="disconnected" draggable="true" style="right: 0.87310827% !important; bottom: 1.73611111% !important;"><div id="touchvpn_status_icon" class="touchvpn_ru"><div class="touchvpn_icon_sign">Best choice for browsing</div></div><div id="touchvpn_icon_selector"><div class="touchvpn_country touchvpn_fr"><div class="touchvpn_icon_sign">Browse from France</div></div><div class="touchvpn_country touchvpn_nl"><div class="touchvpn_icon_sign">Browse from Netherlands</div></div><div class="touchvpn_country touchvpn_es"><div class="touchvpn_icon_sign">Browse from Spain</div></div><div class="touchvpn_country touchvpn_sg"><div class="touchvpn_icon_sign">Browse from Singapore</div></div></div></div> <div class="b-root b-root_disabled_false"><div class="b-root__root"><header class="b-header b-root__header b-header_disabled_false b-header_segments-opened_false b-header_is-show-suggest_false"><span class="b-header__root"><div class="b-header__wrapper"><div class="b-header__nav"><a href="https://edadeal.ru/" class="b-header__logo"></a> <div class="b-header__sections"><a href="https://edadeal.ru/kazan/offers" class="b-header__section b-header__section_active_true">Акции</a> <a href="https://edadeal.ru/kazan/retailers" class="b-header__section">Магазины</a></div></div> <div class="b-header__search-cell"><form class="b-header__search-wrapper b-header__search-wrapper_focus_false"><input placeholder="Поиск акций и торговых сетей" class="b-header__search-input b-header__search-input_focus_false"> <div class="b-button b-header__search-button b-button_disabled_false b-button_theme_blank b-button_shape_default b-button_size_m b-button_selected_false"><div tabindex="1" class="b-button__root"><!----> <div class="b-button__content">Найти</div> <!----></div></div></form></div> <div class="b-header__location-cell"><div class="b-header__location-chooser">Казань</div></div></div></span> <div class="b-header__suggest-wrapper" style="display: none;"><div class="b-header__suggest-container"></div></div> <div class="b-header__segments-wrapper" style="display: none;"><div class="b-header__segments-container"><a href="https://edadeal.ru/kazan/offers?segment=food" class="b-header__segment b-header__segment_active_true"><div class="b-header__segment-logo"><img src="./Майонез и соусы — Акции и скидки сегодня в магазинах Казани — Едадил_files/seg_1.svg"></div> <div class="b-header__segment-title">Продукты</div></a><a href="https://edadeal.ru/kazan/offers?segment=alcohol" class="b-header__segment b-header__segment_active_true"><div class="b-header__segment-logo"><img src="./Майонез и соусы — Акции и скидки сегодня в магазинах Казани — Едадил_files/seg_149.svg"></div> <div class="b-header__segment-title">Алкоголь</div></a><a href="https://edadeal.ru/kazan/offers?segment=home-stuff" class="b-header__segment b-header__segment_active_true"><div class="b-header__segment-logo"><img src="./Майонез и соусы — Акции и скидки сегодня в магазинах Казани — Едадил_files/seg_248.svg"></div> <div class="b-header__segment-title">Для дома</div></a><a href="https://edadeal.ru/kazan/offers?segment=cosmetics-hygiene" class="b-header__segment b-header__segment_active_true"><div class="b-header__segment-logo"><img src="./Майонез и соусы — Акции и скидки сегодня в магазинах Казани — Едадил_files/seg_296.svg"></div> <div class="b-header__segment-title">Косметика и&nbsp;гигиена</div></a><a href="https://edadeal.ru/kazan/offers?segment=for-kids" class="b-header__segment b-header__segment_active_true"><div class="b-header__segment-logo"><img src="./Майонез и соусы — Акции и скидки сегодня в магазинах Казани — Едадил_files/seg_178.svg"></div> <div class="b-header__segment-title">Для детей</div></a><a href="https://edadeal.ru/kazan/offers?segment=pet-supplies" class="b-header__segment b-header__segment_active_true"><div class="b-header__segment-logo"><img src="./Майонез и соусы — Акции и скидки сегодня в магазинах Казани — Едадил_files/seg_379.svg"></div> <div class="b-header__segment-title">Зоотовары</div></a><a href="https://edadeal.ru/kazan/offers?segment=clothes-footwear" class="b-header__segment b-header__segment_active_true"><div class="b-header__segment-logo"><img src="./Майонез и соусы — Акции и скидки сегодня в магазинах Казани — Едадил_files/seg_341.svg"></div> <div class="b-header__segment-title">Одежда и&nbsp;обувь</div></a><a href="https://edadeal.ru/kazan/offers?segment=sport-leisure" class="b-header__segment b-header__segment_active_true"><div class="b-header__segment-logo"><img src="./Майонез и соусы — Акции и скидки сегодня в магазинах Казани — Едадил_files/seg_373.svg"></div> <div class="b-header__segment-title">Спорт и&nbsp;отдых</div></a><a href="https://edadeal.ru/kazan/offers?segment=stationery" class="b-header__segment b-header__segment_active_true"><div class="b-header__segment-logo"><img src="./Майонез и соусы — Акции и скидки сегодня в магазинах Казани — Едадил_files/seg_384.svg"></div> <div class="b-header__segment-title">Канцтовары</div></a><a href="https://edadeal.ru/kazan/offers?segment=electronics" class="b-header__segment b-header__segment_active_true"><div class="b-header__segment-logo"><img src="./Майонез и соусы — Акции и скидки сегодня в магазинах Казани — Едадил_files/seg_388.svg"></div> <div class="b-header__segment-title">Электроника</div></a></div></div></header> <div id="view" class="b-root__view"><div class="p-offers p-offers_offers-view-type_default p-offers_fetching-offers_false"><h1 class="p-offers__header">77&nbsp;акций в&nbsp;категории «Майонез и&nbsp;соусы» в&nbsp;Казани</h1> <div class="p-offers__container"><div class="p-offers__base-column"><div class="p-offers__representation"><div class="p-offers__sort">Сортировать:  <div class="b-button p-offers__hor-button b-button_disabled_false b-button_theme_blank b-button_shape_default b-button_size_s b-button_selected_true"><a href="https://edadeal.ru/kazan/offers?segment=mayonnaise-and-sauces" class="b-button__root router-link-exact-active b-button__root_active_true"><!----> <div class="b-button__content">По&nbsp;релевантности </div> <!----></a></div> <div class="b-button p-offers__hor-button b-button_disabled_false b-button_theme_blank b-button_shape_default b-button_size_s b-button_selected_false"><a href="https://edadeal.ru/kazan/offers?segment=mayonnaise-and-sauces&amp;sort=aprice" class="b-button__root"><!----> <div class="b-button__content">По&nbsp;цене  </div> <!----></a></div> <div class="b-button p-offers__hor-button b-button_disabled_false b-button_theme_blank b-button_shape_default b-button_size_s b-button_selected_false"><a href="https://edadeal.ru/kazan/offers?segment=mayonnaise-and-sauces&amp;sort=ddiscount" class="b-button__root"><!----> <div class="b-button__content">По&nbsp;скидке  </div> <!----></a></div></div><div class="p-offers__view-switchers"><div class="p-offers__view-switcher p-offers__view-switcher_type_line p-offers__view-switcher_current_false"></div><div class="p-offers__view-switcher p-offers__view-switcher_type_default p-offers__view-switcher_current_true"></div></div></div> <!----><div class="p-offers__offers"><a href="https://edadeal.ru/kazan/offers/b5720e32-acdf-469d-93ec-b245c7cbb1fa?from=%2Fkazan%2Foffers%3Fsegment%3Dmayonnaise-and-sauces" class="p-offers__offer"><div class="b-offer b-offer_disabled_false b-offer_view_default"><div class="b-offer__root"><div class="b-offer__header"><div class="b-offer__preview" style="background-image: url(&quot;https://s.edadeal.ru/items/57/th300/2337752.jpg&quot;);"></div> <div class="b-offer__offer-info"><div class="b-offer__discount">-30%</div> <div class="b-offer__dates">До&nbsp;19&nbsp;сентября</div> <img src="./Майонез и соусы — Акции и скидки сегодня в магазинах Казани — Едадил_files/ret_57.png" title="Selgros" class="b-offer__retailer-icon"></div></div> <div class="b-offer__product-info"><div title="" class="b-offer__description">МАЙОНЕЗ «СЛОБОДА» ОЛИВКОВЫЙ&nbsp;67%</div> <div class="b-offer__quantity">0,8 л / 103,63 ₽ за л</div></div> <div class="b-offer__prices"><div class="b-offer__price-new">82,90&nbsp;₽</div> <!----> <!----></div></div></div></a><a href="https://edadeal.ru/kazan/offers/0d19d5f1-ee8e-427d-8166-ac421540ebdf?from=%2Fkazan%2Foffers%3Fsegment%3Dmayonnaise-and-sauces" class="p-offers__offer"><div class="b-offer b-offer_disabled_false b-offer_view_default"><div class="b-offer__root"><div class="b-offer__header"><div class="b-offer__preview" style="background-image: url(&quot;https://s.edadeal.ru/items/3/th300/2218380.jpg&quot;);"></div> <div class="b-offer__offer-info"><div class="b-offer__discount">-20%</div> <div class="b-offer__dates">До&nbsp;14&nbsp;сентября</div> <img src="./Майонез и соусы — Акции и скидки сегодня в магазинах Казани — Едадил_files/ret_3.png" title="Перекрёсток" class="b-offer__retailer-icon"></div></div> <div class="b-offer__product-info"><div title="" class="b-offer__description">Майонез РЯБА Провансаль сметанный&nbsp;67%</div> <div class="b-offer__quantity">0,37 кг / 161,02 ₽ за кг</div></div> <div class="b-offer__prices"><div class="b-offer__price-new">59,90&nbsp;₽</div> <div class="b-offer__price-old">75,00&nbsp;₽</div> <!----></div></div></div></a><a href="https://edadeal.ru/kazan/offers/58fc67cb-0c32-4074-9592-80cad1f4acba?from=%2Fkazan%2Foffers%3Fsegment%3Dmayonnaise-and-sauces" class="p-offers__offer"><div class="b-offer b-offer_disabled_false b-offer_view_default"><div class="b-offer__root"><div class="b-offer__header"><div class="b-offer__preview" style="background-image: url(&quot;https://s.edadeal.ru/items/3/th300/2218382.jpg&quot;);"></div> <div class="b-offer__offer-info"><div class="b-offer__discount">-22%</div> <div class="b-offer__dates">До&nbsp;14&nbsp;сентября</div> <img src="./Майонез и соусы — Акции и скидки сегодня в магазинах Казани — Едадил_files/ret_3.png" title="Перекрёсток" class="b-offer__retailer-icon"></div></div> <div class="b-offer__product-info"><div title="" class="b-offer__description">Майонез СЛОБОДА Оливковый</div> <div class="b-offer__quantity">0,8 л / 112,38 ₽ за л</div></div> <div class="b-offer__prices"><div class="b-offer__price-new">89,90&nbsp;₽</div> <div class="b-offer__price-old">115,00&nbsp;₽</div> <!----></div></div></div></a><a href="https://edadeal.ru/kazan/offers/ea7fae48-3882-465e-a715-6ad2ce23fed9?from=%2Fkazan%2Foffers%3Fsegment%3Dmayonnaise-and-sauces" class="p-offers__offer"><div class="b-offer b-offer_disabled_false b-offer_view_default"><div class="b-offer__root"><div class="b-offer__header"><div class="b-offer__preview" style="background-image: url(&quot;https://s.edadeal.ru/items/2/th300/2304442.jpg&quot;);"></div> <div class="b-offer__offer-info"><div class="b-offer__discount">-30%</div> <div class="b-offer__dates">До&nbsp;21&nbsp;сентября</div> <img src="./Майонез и соусы — Акции и скидки сегодня в магазинах Казани — Едадил_files/ret_2.png" title="Пятёрочка" class="b-offer__retailer-icon"></div></div> <div class="b-offer__product-info"><div title="" class="b-offer__description">Майонез Mr.Ricco Organic, на&nbsp;перепелином яйце, 67%</div> <div class="b-offer__quantity">0,4 л / 124,75 ₽ за л</div></div> <div class="b-offer__prices"><div class="b-offer__price-new">49,90&nbsp;₽</div> <div class="b-offer__price-old">72,00&nbsp;₽</div> <!----></div></div></div></a><a href="https://edadeal.ru/kazan/offers/2e44bf99-82a5-4469-86d7-97a77483c615?from=%2Fkazan%2Foffers%3Fsegment%3Dmayonnaise-and-sauces" class="p-offers__offer"><div class="b-offer b-offer_disabled_false b-offer_view_default"><div class="b-offer__root"><div class="b-offer__header"><div class="b-offer__preview" style="background-image: url(&quot;https://s.edadeal.ru/items/41/th300/2328900.jpg&quot;);"></div> <div class="b-offer__offer-info"><div class="b-offer__discount">-25%</div> <div class="b-offer__dates">До&nbsp;24&nbsp;сентября</div> <img src="./Майонез и соусы — Акции и скидки сегодня в магазинах Казани — Едадил_files/ret_41.png" title="Эдельвейс" class="b-offer__retailer-icon"></div></div> <div class="b-offer__product-info"><div title="" class="b-offer__description">Майонез Махеев Провансаль 50,5% ведро</div> <div class="b-offer__quantity">0,8 кг / 99,94 ₽ за кг</div></div> <div class="b-offer__prices"><div class="b-offer__price-new">79,95&nbsp;₽</div> <div class="b-offer__price-old">102,90&nbsp;₽</div> <!----></div></div></div></a><a href="https://edadeal.ru/kazan/offers/3611c146-6545-402e-8b94-4edce367bb3b?from=%2Fkazan%2Foffers%3Fsegment%3Dmayonnaise-and-sauces" class="p-offers__offer"><div class="b-offer b-offer_disabled_false b-offer_view_default"><div class="b-offer__root"><div class="b-offer__header"><div class="b-offer__preview" style="background-image: url(&quot;https://s.edadeal.ru/items/41/th300/2328901.jpg&quot;);"></div> <div class="b-offer__offer-info"><div class="b-offer__discount">-20%</div> <div class="b-offer__dates">До&nbsp;24&nbsp;сентября</div> <img src="./Майонез и соусы — Акции и скидки сегодня в магазинах Казани — Едадил_files/ret_41.png" title="Эдельвейс" class="b-offer__retailer-icon"></div></div> <div class="b-offer__product-info"><div title="" class="b-offer__description">Майонез Махеев оливковый 50,5% д/пак</div> <div class="b-offer__quantity">0,77 кг / 102,53 ₽ за кг</div></div> <div class="b-offer__prices"><div class="b-offer__price-new">78,95&nbsp;₽</div> <div class="b-offer__price-old">94,70&nbsp;₽</div> <!----></div></div></div></a><a href="https://edadeal.ru/kazan/offers/4bb1288a-8e98-4a02-bb6c-d53ce66482b5?from=%2Fkazan%2Foffers%3Fsegment%3Dmayonnaise-and-sauces" class="p-offers__offer"><div class="b-offer b-offer_disabled_false b-offer_view_default"><div class="b-offer__root"><div class="b-offer__header"><div class="b-offer__preview" style="background-image: url(&quot;https://s.edadeal.ru/items/41/th300/2328902.jpg&quot;);"></div> <div class="b-offer__offer-info"><div class="b-offer__discount">-20%</div> <div class="b-offer__dates">До&nbsp;24&nbsp;сентября</div> <img src="./Майонез и соусы — Акции и скидки сегодня в магазинах Казани — Едадил_files/ret_41.png" title="Эдельвейс" class="b-offer__retailer-icon"></div></div> <div class="b-offer__product-info"><div title="" class="b-offer__description">Майонез Махеев Провансаль Премиум с&nbsp;лим соком 67% д/пак доз</div> <div class="b-offer__quantity">0,38 кг / 131,45 ₽ за кг</div></div> <div class="b-offer__prices"><div class="b-offer__price-new">49,95&nbsp;₽</div> <div class="b-offer__price-old">62,70&nbsp;₽</div> <!----></div></div></div></a><a href="https://edadeal.ru/kazan/offers/af35b506-b270-42e4-aac2-f204bfebda5b?from=%2Fkazan%2Foffers%3Fsegment%3Dmayonnaise-and-sauces" class="p-offers__offer"><div class="b-offer b-offer_disabled_false b-offer_view_default"><div class="b-offer__root"><div class="b-offer__header"><div class="b-offer__preview" style="background-image: url(&quot;https://s.edadeal.ru/items/41/th300/2329014.jpg&quot;);"></div> <div class="b-offer__offer-info"><div class="b-offer__discount">-30%</div> <div class="b-offer__dates">До&nbsp;24&nbsp;сентября</div> <img src="./Майонез и соусы — Акции и скидки сегодня в магазинах Казани — Едадил_files/ret_41.png" title="Эдельвейс" class="b-offer__retailer-icon"></div></div> <div class="b-offer__product-info"><div title="" class="b-offer__description">Майонез Ряба Провансаль Живой 67% д/пак Нижегородский МК</div> <div class="b-offer__quantity">0,4 л / 144,88 ₽ за л</div></div> <div class="b-offer__prices"><div class="b-offer__price-new">57,95&nbsp;₽</div> <div class="b-offer__price-old">72,90&nbsp;₽</div> <!----></div></div></div></a><a href="https://edadeal.ru/kazan/offers/78e10e23-3218-4486-bec5-26ec1cfec98e?from=%2Fkazan%2Foffers%3Fsegment%3Dmayonnaise-and-sauces" class="p-offers__offer"><div class="b-offer b-offer_disabled_false b-offer_view_default"><div class="b-offer__root"><div class="b-offer__header"><div class="b-offer__preview" style="background-image: url(&quot;https://s.edadeal.ru/items/41/th300/2329015.jpg&quot;);"></div> <div class="b-offer__offer-info"><div class="b-offer__discount">-25%</div> <div class="b-offer__dates">До&nbsp;24&nbsp;сентября</div> <img src="./Майонез и соусы — Акции и скидки сегодня в магазинах Казани — Едадил_files/ret_41.png" title="Эдельвейс" class="b-offer__retailer-icon"></div></div> <div class="b-offer__product-info"><div title="" class="b-offer__description">Майонез Слобода Провансаль 67% д/пак Эфко</div> <div class="b-offer__quantity">0,45 кг / 133,22 ₽ за кг</div></div> <div class="b-offer__prices"><div class="b-offer__price-new">59,95&nbsp;₽</div> <div class="b-offer__price-old">78,70&nbsp;₽</div> <!----></div></div></div></a><a href="https://edadeal.ru/kazan/offers/c4f86cf2-a3f9-4b9e-865d-6daf1cd475ca?from=%2Fkazan%2Foffers%3Fsegment%3Dmayonnaise-and-sauces" class="p-offers__offer"><div class="b-offer b-offer_disabled_false b-offer_view_default"><div class="b-offer__root"><div class="b-offer__header"><div class="b-offer__preview" style="background-image: url(&quot;https://s.edadeal.ru/items/12/th300/2353761.jpg&quot;);"></div> <div class="b-offer__offer-info"><div class="b-offer__discount">-52%</div> <div class="b-offer__dates">До&nbsp;18&nbsp;сентября</div> <img src="./Майонез и соусы — Акции и скидки сегодня в магазинах Казани — Едадил_files/ret_12.png" title="Лента гипермаркет" class="b-offer__retailer-icon"></div></div> <div class="b-offer__product-info"><div title="" class="b-offer__description">Майонез organic Mr. Ricco, на&nbsp;перепелином яйце, 67%</div> <div class="b-offer__quantity">0,8 л / 74,99 ₽ за л</div></div> <div class="b-offer__prices"><div class="b-offer__price-new">59,99&nbsp;₽</div> <div class="b-offer__price-old">125,99&nbsp;₽</div> <!----></div></div></div></a><a href="https://edadeal.ru/kazan/offers/66c91941-3ce1-4c74-90e0-a067addf7223?from=%2Fkazan%2Foffers%3Fsegment%3Dmayonnaise-and-sauces" class="p-offers__offer"><div class="b-offer b-offer_disabled_false b-offer_view_default"><div class="b-offer__root"><div class="b-offer__header"><div class="b-offer__preview" style="background-image: url(&quot;https://s.edadeal.ru/items/21/th300/2362308.jpg&quot;);"></div> <div class="b-offer__offer-info"><div class="b-offer__discount">-34%</div> <div class="b-offer__dates">До&nbsp;11&nbsp;сентября</div> <img src="./Майонез и соусы — Акции и скидки сегодня в магазинах Казани — Едадил_files/ret_21.png" title="Верный" class="b-offer__retailer-icon"></div></div> <div class="b-offer__product-info"><div title="" class="b-offer__description">МАЙОНЕЗ MR. RICCO ORGANIC оливковый, 67%</div> <div class="b-offer__quantity">0,4 л / 124,75 ₽ за л</div></div> <div class="b-offer__prices"><div class="b-offer__price-new">49,90&nbsp;₽</div> <div class="b-offer__price-old">75,90&nbsp;₽</div> <!----></div></div></div></a><a href="https://edadeal.ru/kazan/offers/49dd7c8e-6c82-42c9-845e-8e7645fec4c3?from=%2Fkazan%2Foffers%3Fsegment%3Dmayonnaise-and-sauces" class="p-offers__offer"><div class="b-offer b-offer_disabled_false b-offer_view_default"><div class="b-offer__root"><div class="b-offer__header"><div class="b-offer__preview" style="background-image: url(&quot;https://s.edadeal.ru/items/2/th300/2336794.jpg&quot;);"></div> <div class="b-offer__offer-info"><div class="b-offer__discount">-32%</div> <div class="b-offer__dates">До&nbsp;11&nbsp;сентября</div> <img src="./Майонез и соусы — Акции и скидки сегодня в магазинах Казани — Едадил_files/ret_2.png" title="Пятёрочка" class="b-offer__retailer-icon"></div></div> <div class="b-offer__product-info"><div title="" class="b-offer__description">Майонез Провансаль, Махеевъ, 50,5%. Сделано в&nbsp;Татарстане</div> <div class="b-offer__quantity">0,38 кг / 118,16 ₽ за кг</div></div> <div class="b-offer__prices"><div class="b-offer__price-new">44,90&nbsp;₽</div> <div class="b-offer__price-old">66,10&nbsp;₽</div> <!----></div></div></div></a><a href="https://edadeal.ru/kazan/offers/44f84e5a-1889-41ae-ba90-0410c21fd467?from=%2Fkazan%2Foffers%3Fsegment%3Dmayonnaise-and-sauces" class="p-offers__offer"><div class="b-offer b-offer_disabled_false b-offer_view_default"><div class="b-offer__root"><div class="b-offer__header"><div class="b-offer__preview" style="background-image: url(&quot;https://s.edadeal.ru/items/2/th300/2336863.jpg&quot;);"></div> <div class="b-offer__offer-info"><div class="b-offer__discount">-32%</div> <div class="b-offer__dates">До&nbsp;10&nbsp;сентября</div> <img src="./Майонез и соусы — Акции и скидки сегодня в магазинах Казани — Едадил_files/ret_2.png" title="Пятёрочка" class="b-offer__retailer-icon"></div></div> <div class="b-offer__product-info"><div title="Майонез Mr.Ricco, на перепелином яйце, 67%. Сделано в Татарстане" class="b-offer__description">Майонез Mr.Ricco, на&nbsp;перепелином яйце, 67%. Сделано…</div> <div class="b-offer__quantity">0,87 кг / 91,84 ₽ за кг</div></div> <div class="b-offer__prices"><div class="b-offer__price-new">79,90&nbsp;₽</div> <div class="b-offer__price-old">119,00&nbsp;₽</div> <!----></div></div></div></a><a href="https://edadeal.ru/kazan/offers/06365a36-b599-4555-ab41-ac843c85cffe?from=%2Fkazan%2Foffers%3Fsegment%3Dmayonnaise-and-sauces" class="p-offers__offer"><div class="b-offer b-offer_disabled_false b-offer_view_default"><div class="b-offer__root"><div class="b-offer__header"><div class="b-offer__preview" style="background-image: url(&quot;https://s.edadeal.ru/items/329/th300/2335690.jpg&quot;);"></div> <div class="b-offer__offer-info"><!----> <div class="b-offer__dates">До&nbsp;30&nbsp;сентября</div> <img src="./Майонез и соусы — Акции и скидки сегодня в магазинах Казани — Едадил_files/ret_329.png" title="Арыш Мае" class="b-offer__retailer-icon"></div></div> <div class="b-offer__product-info"><div title="" class="b-offer__description">Майонез Махеев Лимон, Оливковый 67% д/п</div> <div class="b-offer__quantity">0,4 л / 130,00 ₽ за л</div></div> <div class="b-offer__prices"><div class="b-offer__price-new">52,00&nbsp;₽</div> <div class="b-offer__price-old">56,00&nbsp;₽</div> <!----></div></div></div></a><a href="https://edadeal.ru/kazan/offers/324409d6-69a8-4e1f-8ba2-072adf3f033c?from=%2Fkazan%2Foffers%3Fsegment%3Dmayonnaise-and-sauces" class="p-offers__offer"><div class="b-offer b-offer_disabled_false b-offer_view_default"><div class="b-offer__root"><div class="b-offer__header"><div class="b-offer__preview" style="background-image: url(&quot;https://s.edadeal.ru/items/329/th300/2335692.jpg&quot;);"></div> <div class="b-offer__offer-info"><!----> <div class="b-offer__dates">До&nbsp;30&nbsp;сентября</div> <img src="./Майонез и соусы — Акции и скидки сегодня в магазинах Казани — Едадил_files/ret_329.png" title="Арыш Мае" class="b-offer__retailer-icon"></div></div> <div class="b-offer__product-info"><div title="" class="b-offer__description">Майонез Махеев ведро 50,5%</div> <div class="b-offer__quantity">0,82 л / 97,56 ₽ за л</div></div> <div class="b-offer__prices"><div class="b-offer__price-new">80,00&nbsp;₽</div> <div class="b-offer__price-old">91,00&nbsp;₽</div> <!----></div></div></div></a><a href="https://edadeal.ru/kazan/offers/8916c8e6-ffe0-44c8-beba-2bfa7cc3249d?from=%2Fkazan%2Foffers%3Fsegment%3Dmayonnaise-and-sauces" class="p-offers__offer"><div class="b-offer b-offer_disabled_false b-offer_view_default"><div class="b-offer__root"><div class="b-offer__header"><div class="b-offer__preview" style="background-image: url(&quot;https://s.edadeal.ru/items/18/th300/2349022.jpg&quot;);"></div> <div class="b-offer__offer-info"><!----> <div class="b-offer__dates">До&nbsp;20&nbsp;сентября</div> <img src="./Майонез и соусы — Акции и скидки сегодня в магазинах Казани — Едадил_files/ret_18.png" title="METRO" class="b-offer__retailer-icon"></div></div> <div class="b-offer__product-info"><div title="" class="b-offer__description">Майонез МОСКОВСКИЙ ПРОВАНСАЛЬ жирность&nbsp;67%</div> <div class="b-offer__quantity">0,7 л / 85,70 ₽ за л</div></div> <div class="b-offer__prices"><div class="b-offer__price-new">59,99&nbsp;₽</div> <!----> <!----></div></div></div></a><a href="https://edadeal.ru/kazan/offers/59ad4f82-7c66-4104-8934-39725b84bffb?from=%2Fkazan%2Foffers%3Fsegment%3Dmayonnaise-and-sauces" class="p-offers__offer"><div class="b-offer b-offer_disabled_false b-offer_view_default"><div class="b-offer__root"><div class="b-offer__header"><div class="b-offer__preview" style="background-image: url(&quot;https://s.edadeal.ru/items/3/th300/2371806.jpg&quot;);"></div> <div class="b-offer__offer-info"><div class="b-offer__discount">-25%</div> <div class="b-offer__dates">До&nbsp;12&nbsp;сентября</div> <img src="./Майонез и соусы — Акции и скидки сегодня в магазинах Казани — Едадил_files/ret_3.png" title="Перекрёсток" class="b-offer__retailer-icon"></div></div> <div class="b-offer__product-info"><div title="" class="b-offer__description">Майонез МОСКОВСКИЙ ПРОВАНСАЛЬ Сливочный&nbsp;67%</div> <div class="b-offer__quantity">0,39 л / 127,95 ₽ за л</div></div> <div class="b-offer__prices"><div class="b-offer__price-new">49,90&nbsp;₽</div> <div class="b-offer__price-old">66,90&nbsp;₽</div> <!----></div></div></div></a><a href="https://edadeal.ru/kazan/offers/79c20d8d-b965-4589-b6cc-d85dd84856af?from=%2Fkazan%2Foffers%3Fsegment%3Dmayonnaise-and-sauces" class="p-offers__offer"><div class="b-offer b-offer_disabled_false b-offer_view_default"><div class="b-offer__root"><div class="b-offer__header"><div class="b-offer__preview" style="background-image: url(&quot;https://s.edadeal.ru/items/11/th300/2382398.jpg&quot;);"></div> <div class="b-offer__offer-info"><div class="b-offer__discount">-42%</div> <div class="b-offer__dates">До&nbsp;12&nbsp;сентября</div> <img src="./Майонез и соусы — Акции и скидки сегодня в магазинах Казани — Едадил_files/ret_11.png" title="Магнит универсам" class="b-offer__retailer-icon"></div></div> <div class="b-offer__product-info"><div title="" class="b-offer__description">Майонез МИСТЕР РИККО на&nbsp;перепелином яйце, 67%</div> <div class="b-offer__quantity">0,22 л / 99,55 ₽ за л</div></div> <div class="b-offer__prices"><div class="b-offer__price-new">21,90&nbsp;₽</div> <div class="b-offer__price-old">37,90&nbsp;₽</div> <!----></div></div></div></a><a href="https://edadeal.ru/kazan/offers/6652052c-56bd-48f9-afd8-982e4c5a31bb?from=%2Fkazan%2Foffers%3Fsegment%3Dmayonnaise-and-sauces" class="p-offers__offer"><div class="b-offer b-offer_disabled_false b-offer_view_default"><div class="b-offer__root"><div class="b-offer__header"><div class="b-offer__preview" style="background-image: url(&quot;https://s.edadeal.ru/items/16/th300/2373016.jpg&quot;);"></div> <div class="b-offer__offer-info"><!----> <div class="b-offer__dates">До&nbsp;20&nbsp;сентября</div> <img src="./Майонез и соусы — Акции и скидки сегодня в магазинах Казани — Едадил_files/ret_16.png" title="SPAR" class="b-offer__retailer-icon"></div></div> <div class="b-offer__product-info"><div title="" class="b-offer__description">МАЙОНЕЗ ПРОВАНСАЛЬ СМЕТАННЫЙ СДОБРИ 67% 372/410 Г</div> <!----></div> <div class="b-offer__prices"><div class="b-offer__price-new">49,90&nbsp;₽</div> <div class="b-offer__price-old">60,90&nbsp;₽</div> <!----></div></div></div></a><a href="https://edadeal.ru/kazan/offers/38b2a40b-35fa-4f6c-9021-8155169edf65?from=%2Fkazan%2Foffers%3Fsegment%3Dmayonnaise-and-sauces" class="p-offers__offer"><div class="b-offer b-offer_disabled_false b-offer_view_default"><div class="b-offer__root"><div class="b-offer__header"><div class="b-offer__preview" style="background-image: url(&quot;https://s.edadeal.ru/items/16/th300/2373017.jpg&quot;);"></div> <div class="b-offer__offer-info"><!----> <div class="b-offer__dates">До&nbsp;20&nbsp;сентября</div> <img src="./Майонез и соусы — Акции и скидки сегодня в магазинах Казани — Едадил_files/ret_16.png" title="SPAR" class="b-offer__retailer-icon"></div></div> <div class="b-offer__product-info"><div title="" class="b-offer__description">МАЙОНЕЗ ПРОВАНСАЛЬ 67% SPAR</div> <div class="b-offer__quantity">0,8 кг / 87,38 ₽ за кг</div></div> <div class="b-offer__prices"><div class="b-offer__price-new">69,90&nbsp;₽</div> <div class="b-offer__price-old">89,90&nbsp;₽</div> <!----></div></div></div></a><a href="https://edadeal.ru/kazan/offers/7b21cff7-499f-4575-a6d6-7eb0271a0d9b?from=%2Fkazan%2Foffers%3Fsegment%3Dmayonnaise-and-sauces" class="p-offers__offer"><div class="b-offer b-offer_disabled_false b-offer_view_default"><div class="b-offer__root"><div class="b-offer__header"><div class="b-offer__preview" style="background-image: url(&quot;https://s.edadeal.ru/items/3/th300/2260977.jpg&quot;);"></div> <div class="b-offer__offer-info"><div class="b-offer__discount">-20%</div> <div class="b-offer__dates">До&nbsp;14&nbsp;сентября</div> <img src="./Майонез и соусы — Акции и скидки сегодня в магазинах Казани — Едадил_files/ret_3.png" title="Перекрёсток" class="b-offer__retailer-icon"></div></div> <div class="b-offer__product-info"><div title="" class="b-offer__description">Кетчуп МАРКЕТ ПЕРЕКРЕСТОК классический; шашлычный</div> <div class="b-offer__quantity">0,23 кг / 108,26 ₽ за кг</div></div> <div class="b-offer__prices"><div class="b-offer__price-new">24,90&nbsp;₽</div> <div class="b-offer__price-old">31,00&nbsp;₽</div> <!----></div></div></div></a><a href="https://edadeal.ru/kazan/offers/628f7001-0195-4758-b2d1-94d09f48a871?from=%2Fkazan%2Foffers%3Fsegment%3Dmayonnaise-and-sauces" class="p-offers__offer"><div class="b-offer b-offer_disabled_false b-offer_view_default"><div class="b-offer__root"><div class="b-offer__header"><div class="b-offer__preview" style="background-image: url(&quot;https://s.edadeal.ru/items/2/th300/2280968.jpg&quot;);"></div> <div class="b-offer__offer-info"><div class="b-offer__discount">-35%</div> <div class="b-offer__dates">До&nbsp;21&nbsp;сентября</div> <img src="./Майонез и соусы — Акции и скидки сегодня в магазинах Казани — Едадил_files/ret_2.png" title="Пятёрочка" class="b-offer__retailer-icon"></div></div> <div class="b-offer__product-info"><div title="Кетчуп Mr.Ritccо, для гриля и шашлыка; томатный; острый; с чесноком" class="b-offer__description">Кетчуп Mr.Ritссо, для гриля и&nbsp;шашлыка; томатный; острый;…</div> <div class="b-offer__quantity">0,35 кг / 120,00 ₽ за кг</div></div> <div class="b-offer__prices"><div class="b-offer__price-new">42,00&nbsp;₽</div> <div class="b-offer__price-old">65,00&nbsp;₽</div> <!----></div></div></div></a><a href="https://edadeal.ru/kazan/offers/447ef46c-cb8c-4080-a300-2f5e742fe27b?from=%2Fkazan%2Foffers%3Fsegment%3Dmayonnaise-and-sauces" class="p-offers__offer"><div class="b-offer b-offer_disabled_false b-offer_view_default"><div class="b-offer__root"><div class="b-offer__header"><div class="b-offer__preview" style="background-image: url(&quot;https://s.edadeal.ru/items/2/th300/2323789.jpg&quot;);"></div> <div class="b-offer__offer-info"><div class="b-offer__discount">-44%</div> <div class="b-offer__dates">До&nbsp;11&nbsp;сентября</div> <img src="./Майонез и соусы — Акции и скидки сегодня в магазинах Казани — Едадил_files/ret_2.png" title="Пятёрочка" class="b-offer__retailer-icon"></div></div> <div class="b-offer__product-info"><div title="" class="b-offer__description">Кетчуп Балтимор, в&nbsp;ассортименте</div> <div class="b-offer__quantity">0,53 кг / 141,51 ₽ за кг</div></div> <div class="b-offer__prices"><div class="b-offer__price-new">75,00&nbsp;₽</div> <div class="b-offer__price-old">135,00&nbsp;₽</div> <!----></div></div></div></a><a href="https://edadeal.ru/kazan/offers/e42dfe5d-3e29-474f-b046-1b337dead6ce?from=%2Fkazan%2Foffers%3Fsegment%3Dmayonnaise-and-sauces" class="p-offers__offer"><div class="b-offer b-offer_disabled_false b-offer_view_default"><div class="b-offer__root"><div class="b-offer__header"><div class="b-offer__preview" style="background-image: url(&quot;https://s.edadeal.ru/items/2/th300/2323809.jpg&quot;);"></div> <div class="b-offer__offer-info"><div class="b-offer__discount">-35%</div> <div class="b-offer__dates">До&nbsp;11&nbsp;сентября</div> <img src="./Майонез и соусы — Акции и скидки сегодня в магазинах Казани — Едадил_files/ret_2.png" title="Пятёрочка" class="b-offer__retailer-icon"></div></div> <div class="b-offer__product-info"><div title="" class="b-offer__description">Кетчуп Кухмастер, в&nbsp;ассортименте</div> <div class="b-offer__quantity">0,26 кг / 96,15 ₽ за кг</div></div> <div class="b-offer__prices"><div class="b-offer__price-new">25,00&nbsp;₽</div> <div class="b-offer__price-old">39,00&nbsp;₽</div> <!----></div></div></div></a><a href="https://edadeal.ru/kazan/offers/547ff85b-71c7-4d04-a250-c910c1bb99e6?from=%2Fkazan%2Foffers%3Fsegment%3Dmayonnaise-and-sauces" class="p-offers__offer"><div class="b-offer b-offer_disabled_false b-offer_view_default"><div class="b-offer__root"><div class="b-offer__header"><div class="b-offer__preview" style="background-image: url(&quot;https://s.edadeal.ru/items/41/th300/2328903.jpg&quot;);"></div> <div class="b-offer__offer-info"><div class="b-offer__discount">-25%</div> <div class="b-offer__dates">До&nbsp;24&nbsp;сентября</div> <img src="./Майонез и соусы — Акции и скидки сегодня в магазинах Казани — Едадил_files/ret_41.png" title="Эдельвейс" class="b-offer__retailer-icon"></div></div> <div class="b-offer__product-info"><div title="" class="b-offer__description">Кетчуп Махеевъ Лечо, Томатный д/пак</div> <div class="b-offer__quantity">0,5 кг / 99,90 ₽ за кг</div></div> <div class="b-offer__prices"><div class="b-offer__price-new">49,95&nbsp;₽</div> <div class="b-offer__price-old">66,70&nbsp;₽</div> <!----></div></div></div></a><a href="https://edadeal.ru/kazan/offers/787d19e2-96fd-4690-8c6c-c78670520119?from=%2Fkazan%2Foffers%3Fsegment%3Dmayonnaise-and-sauces" class="p-offers__offer"><div class="b-offer b-offer_disabled_false b-offer_view_default"><div class="b-offer__root"><div class="b-offer__header"><div class="b-offer__preview" style="background-image: url(&quot;https://s.edadeal.ru/items/41/th300/2329017.jpg&quot;);"></div> <div class="b-offer__offer-info"><!----> <div class="b-offer__dates">До&nbsp;24&nbsp;сентября</div> <img src="./Майонез и соусы — Акции и скидки сегодня в магазинах Казани — Едадил_files/ret_41.png" title="Эдельвейс" class="b-offer__retailer-icon"></div></div> <div class="b-offer__product-info"><div title="" class="b-offer__description">Кетчуп томатный Слобода Живая еда д/пак Эфко</div> <div class="b-offer__quantity">0,35 кг / 185,57 ₽ за кг</div></div> <div class="b-offer__prices"><div class="b-offer__price-new">64,95&nbsp;₽</div> <!----> <!----></div></div></div></a><a href="https://edadeal.ru/kazan/offers/63b8fd9f-0000-4aa7-bae4-1b723d5d7a41?from=%2Fkazan%2Foffers%3Fsegment%3Dmayonnaise-and-sauces" class="p-offers__offer"><div class="b-offer b-offer_disabled_false b-offer_view_default"><div class="b-offer__root"><div class="b-offer__header"><div class="b-offer__preview" style="background-image: url(&quot;https://s.edadeal.ru/items/41/th300/2329019.jpg&quot;);"></div> <div class="b-offer__offer-info"><div class="b-offer__discount">-25%</div> <div class="b-offer__dates">До&nbsp;24&nbsp;сентября</div> <img src="./Майонез и соусы — Акции и скидки сегодня в магазинах Казани — Едадил_files/ret_41.png" title="Эдельвейс" class="b-offer__retailer-icon"></div></div> <div class="b-offer__product-info"><div title="Кетчуп Лечо Балтимор, Цыганский, Татарский, Адмиралл,Томатный д/пак Юнилевер" class="b-offer__description">Кетчуп Лечо Балтимор, Цыганский, Татарский, Адмиралл,…</div> <div class="b-offer__quantity">0,26 кг / 192,12 ₽ за кг</div></div> <div class="b-offer__prices"><div class="b-offer__price-new">49,95&nbsp;₽</div> <div class="b-offer__price-old">64,90&nbsp;₽</div> <!----></div></div></div></a><a href="https://edadeal.ru/kazan/offers/0ca56b4e-cf4a-4483-a520-626473fd0fa1?from=%2Fkazan%2Foffers%3Fsegment%3Dmayonnaise-and-sauces" class="p-offers__offer"><div class="b-offer b-offer_disabled_false b-offer_view_default"><div class="b-offer__root"><div class="b-offer__header"><div class="b-offer__preview" style="background-image: url(&quot;https://s.edadeal.ru/items/7/th300/2332338.jpg&quot;);"></div> <div class="b-offer__offer-info"><div class="b-offer__discount">-31%</div> <div class="b-offer__dates">До&nbsp;20&nbsp;сентября</div> <img src="./Майонез и соусы — Акции и скидки сегодня в магазинах Казани — Едадил_files/ret_7.png" title="Карусель" class="b-offer__retailer-icon"></div></div> <div class="b-offer__product-info"><div title="" class="b-offer__description">Кетчуп СЛОБОДА, в&nbsp;ассортименте</div> <div class="b-offer__quantity">0,35 кг / 142,57 ₽ за кг</div></div> <div class="b-offer__prices"><div class="b-offer__price-new">49,90&nbsp;₽</div> <div class="b-offer__price-old">71,99&nbsp;₽</div> <!----></div></div></div></a><a href="https://edadeal.ru/kazan/offers/07e7a09f-663b-4d21-9296-4712e2af4ab7?from=%2Fkazan%2Foffers%3Fsegment%3Dmayonnaise-and-sauces" class="p-offers__offer"><div class="b-offer b-offer_disabled_false b-offer_view_default"><div class="b-offer__root"><div class="b-offer__header"><div class="b-offer__preview" style="background-image: url(&quot;https://s.edadeal.ru/items/21/th300/2362513.jpg&quot;);"></div> <div class="b-offer__offer-info"><div class="b-offer__discount">-27%</div> <div class="b-offer__dates">До&nbsp;11&nbsp;сентября</div> <img src="./Майонез и соусы — Акции и скидки сегодня в магазинах Казани — Едадил_files/ret_21.png" title="Верный" class="b-offer__retailer-icon"></div></div> <div class="b-offer__product-info"><div title="" class="b-offer__description">КЕТЧУП ТОМАТНЫЙ; ШАШЛЫЧНЫЙ Слобода</div> <div class="b-offer__quantity">0,35 кг / 142,57 ₽ за кг</div></div> <div class="b-offer__prices"><div class="b-offer__price-new">49,90&nbsp;₽</div> <div class="b-offer__price-old">67,90&nbsp;₽</div> <!----></div></div></div></a><a href="https://edadeal.ru/kazan/offers/387bb2dd-3778-49fd-97ed-fd8c6fd36c2f?from=%2Fkazan%2Foffers%3Fsegment%3Dmayonnaise-and-sauces" class="p-offers__offer"><div class="b-offer b-offer_disabled_false b-offer_view_default"><div class="b-offer__root"><div class="b-offer__header"><div class="b-offer__preview" style="background-image: url(&quot;https://s.edadeal.ru/items/57/th300/2337773.jpg&quot;);"></div> <div class="b-offer__offer-info"><div class="b-offer__discount">-20%</div> <div class="b-offer__dates">До&nbsp;19&nbsp;сентября</div> <img src="./Майонез и соусы — Акции и скидки сегодня в магазинах Казани — Едадил_files/ret_57.png" title="Selgros" class="b-offer__retailer-icon"></div></div> <div class="b-offer__product-info"><div title="" class="b-offer__description">КЕТЧУП «БАЛТИМОР» ● В&nbsp;ассортименте</div> <div class="b-offer__quantity">0,26 кг / 153,46 ₽ за кг</div></div> <div class="b-offer__prices"><div class="b-offer__price-new">39,90&nbsp;₽</div> <!----> <!----></div></div></div></a></div> <div class="b-pagination p-offers__pagination b-pagination_disabled_false b-pagination_overflow_false"><div class="b-pagination__root"><div class="b-pagination__pages"><!----> <!----> <!----><div class="b-button b-pagination__n b-button_disabled_false b-button_theme_blank b-button_shape_square b-button_size_m b-button_selected_true"><a href="https://edadeal.ru/kazan/offers?segment=mayonnaise-and-sauces" class="b-button__root router-link-exact-active b-button__root_active_true"><!----> <div class="b-button__content">1</div> <!----></a></div><div class="b-button b-pagination__n b-button_disabled_false b-button_theme_blank b-button_shape_square b-button_size_m b-button_selected_false"><a href="https://edadeal.ru/kazan/offers?page=2&amp;segment=mayonnaise-and-sauces" class="b-button__root"><!----> <div class="b-button__content">2</div> <!----></a></div><div class="b-button b-pagination__n b-button_disabled_false b-button_theme_blank b-button_shape_square b-button_size_m b-button_selected_false"><a href="https://edadeal.ru/kazan/offers?page=3&amp;segment=mayonnaise-and-sauces" class="b-button__root"><!----> <div class="b-button__content">3</div> <!----></a></div> <!----><!----> <!----></div> <div class="b-button b-pagination__next b-button_disabled_false b-button_theme_blank b-button_shape_default b-button_size_m b-button_selected_false"><a href="https://edadeal.ru/kazan/offers?page=2&amp;segment=mayonnaise-and-sauces" class="b-button__root"><!----> <div class="b-button__content">Вперед -&gt;</div> <!----></a></div></div></div></div> <div class="p-offers__sub-column"><div class="p-offers__compilations"><a href="https://edadeal.ru/kazan/offers?compilation=luchshiie&amp;segment=mayonnaise-and-sauces" class="p-offers__compilation-link p-offers__compilation-link_current_false p-offers__compilation-link_disabled_false" style="background-image: url(&quot;https://s.edadeal.ru/compilations/280/luchshiie.png&quot;);">Лучшие</a></div> <div class="b-checkbox-list b-checkbox-list_disabled_false b-checkbox-list_opened_true b-checkbox-list_overflow_true"><div class="b-checkbox-list__root"><div class="b-checkbox-list__header">Магазины</div> <div class="b-checkbox-list__body"><input maxlength="50" placeholder="Начните вводить название" class="b-checkbox-list__quick-search"> <div class="b-checkbox-list__options"><div title="7 Fridays" class="b-checkbox-list__option b-checkbox-list__option_checked_false b-checkbox-list__option_disabled_true">7 Fridays</div><div title="ALCOSTORE" class="b-checkbox-list__option b-checkbox-list__option_checked_false b-checkbox-list__option_disabled_true">ALCOSTORE</div><div title="METRO" class="b-checkbox-list__option b-checkbox-list__option_checked_false b-checkbox-list__option_disabled_false">METRO</div><div title="Selgros" class="b-checkbox-list__option b-checkbox-list__option_checked_false b-checkbox-list__option_disabled_false">Selgros</div><div title="SPAR" class="b-checkbox-list__option b-checkbox-list__option_checked_false b-checkbox-list__option_disabled_false">SPAR</div><div title="АлкоДьюти" class="b-checkbox-list__option b-checkbox-list__option_checked_false b-checkbox-list__option_disabled_true">АлкоДьюти</div><div title="Алкосклад №1" class="b-checkbox-list__option b-checkbox-list__option_checked_false b-checkbox-list__option_disabled_true">Алкосклад № 1</div><div title="Арыш Мае" class="b-checkbox-list__option b-checkbox-list__option_checked_false b-checkbox-list__option_disabled_false">Арыш Мае</div><div title="Бахетле" class="b-checkbox-list__option b-checkbox-list__option_checked_false b-checkbox-list__option_disabled_false">Бахетле</div><div title="Бетховен" class="b-checkbox-list__option b-checkbox-list__option_checked_false b-checkbox-list__option_disabled_true">Бетховен</div><div title="Бристоль" class="b-checkbox-list__option b-checkbox-list__option_checked_false b-checkbox-list__option_disabled_true">Бристоль</div><div title="Верный" class="b-checkbox-list__option b-checkbox-list__option_checked_false b-checkbox-list__option_disabled_false">Верный</div><div title="Ветна" class="b-checkbox-list__option b-checkbox-list__option_checked_false b-checkbox-list__option_disabled_true">Ветна</div><div title="ВПРОК" class="b-checkbox-list__option b-checkbox-list__option_checked_false b-checkbox-list__option_disabled_true">ВПРОК</div><div title="Галамарт" class="b-checkbox-list__option b-checkbox-list__option_checked_false b-checkbox-list__option_disabled_true">Галамарт</div><div title="Детский мир" class="b-checkbox-list__option b-checkbox-list__option_checked_false b-checkbox-list__option_disabled_true">Детский мир</div><div title="Дочки-Сыночки" class="b-checkbox-list__option b-checkbox-list__option_checked_false b-checkbox-list__option_disabled_true">Дочки-Сыночки</div><div title="Карусель" class="b-checkbox-list__option b-checkbox-list__option_checked_false b-checkbox-list__option_disabled_false">Карусель</div><div title="Красное и Белое" class="b-checkbox-list__option b-checkbox-list__option_checked_false b-checkbox-list__option_disabled_true">Красное и&nbsp;Белое</div><div title="КРОХА" class="b-checkbox-list__option b-checkbox-list__option_checked_false b-checkbox-list__option_disabled_true">КРОХА</div><div title="Лента гипермаркет" class="b-checkbox-list__option b-checkbox-list__option_checked_false b-checkbox-list__option_disabled_false">Лента гипермаркет</div><div title="Магнит гипермаркет" class="b-checkbox-list__option b-checkbox-list__option_checked_false b-checkbox-list__option_disabled_true">Магнит гипермаркет</div><div title="Магнит Косметик" class="b-checkbox-list__option b-checkbox-list__option_checked_false b-checkbox-list__option_disabled_true">Магнит Косметик</div><div title="Магнит универсам" class="b-checkbox-list__option b-checkbox-list__option_checked_false b-checkbox-list__option_disabled_false">Магнит универсам</div><div title="Метрополь" class="b-checkbox-list__option b-checkbox-list__option_checked_false b-checkbox-list__option_disabled_true">Метрополь</div><div title="Офисмаг" class="b-checkbox-list__option b-checkbox-list__option_checked_false b-checkbox-list__option_disabled_true">Офисмаг</div><div title="Перекрёсток" class="b-checkbox-list__option b-checkbox-list__option_checked_false b-checkbox-list__option_disabled_false">Перекрёсток</div><div title="Пятёрочка" class="b-checkbox-list__option b-checkbox-list__option_checked_false b-checkbox-list__option_disabled_false">Пятёрочка</div><div title="Рив Гош" class="b-checkbox-list__option b-checkbox-list__option_checked_false b-checkbox-list__option_disabled_true">Рив Гош</div><div title="Рубль Бум" class="b-checkbox-list__option b-checkbox-list__option_checked_false b-checkbox-list__option_disabled_true">Рубль Бум</div><div title="РусАлка" class="b-checkbox-list__option b-checkbox-list__option_checked_false b-checkbox-list__option_disabled_true">РусАлка</div><div title="Сеть алкомаркетов «Глобус»" class="b-checkbox-list__option b-checkbox-list__option_checked_false b-checkbox-list__option_disabled_true">Сеть алкомаркетов «Глобус»</div><div title="ТАБЫШ/НАХОДКА" class="b-checkbox-list__option b-checkbox-list__option_checked_false b-checkbox-list__option_disabled_true">ТАБЫШ/НАХОДКА</div><div title="Хозяюшка" class="b-checkbox-list__option b-checkbox-list__option_checked_false b-checkbox-list__option_disabled_true">Хозяюшка</div><div title="Циркуль" class="b-checkbox-list__option b-checkbox-list__option_checked_false b-checkbox-list__option_disabled_true">Циркуль</div><div title="Эдельвейс" class="b-checkbox-list__option b-checkbox-list__option_checked_false b-checkbox-list__option_disabled_false">Эдельвейс</div><div title="Эльдорадо" class="b-checkbox-list__option b-checkbox-list__option_checked_false b-checkbox-list__option_disabled_true">Эльдорадо</div><div title="Эссен гипермаркет" class="b-checkbox-list__option b-checkbox-list__option_checked_false b-checkbox-list__option_disabled_true">Эссен гипермаркет</div></div></div></div></div> <div class="b-checkbox-list b-checkbox-list_disabled_false b-checkbox-list_opened_false b-checkbox-list_overflow_true"><div class="b-checkbox-list__root"><div class="b-checkbox-list__header">Бренды</div> <div class="b-checkbox-list__body"><input maxlength="50" placeholder="Начните вводить название" class="b-checkbox-list__quick-search"> <div class="b-checkbox-list__options"><div title="6 соток" class="b-checkbox-list__option b-checkbox-list__option_checked_false b-checkbox-list__option_disabled_true">6&nbsp;соток</div><div title="7UP" class="b-checkbox-list__option b-checkbox-list__option_checked_false b-checkbox-list__option_disabled_true">7UP</div><div title="48 КОПЕЕК" class="b-checkbox-list__option b-checkbox-list__option_checked_false b-checkbox-list__option_disabled_true">48&nbsp;КОПЕЕК</div><div title="Aberfeldy" class="b-checkbox-list__option b-checkbox-list__option_checked_false b-checkbox-list__option_disabled_true">Aberfeldy</div><div title="Absolut" class="b-checkbox-list__option b-checkbox-list__option_checked_false b-checkbox-list__option_disabled_true">Absolut</div><div title="Ace" class="b-checkbox-list__option b-checkbox-list__option_checked_false b-checkbox-list__option_disabled_true">Ace</div><div title="Actimel" class="b-checkbox-list__option b-checkbox-list__option_checked_false b-checkbox-list__option_disabled_true">Actimel</div><div title="Adrenaline Rush" class="b-checkbox-list__option b-checkbox-list__option_checked_false b-checkbox-list__option_disabled_true">Adrenaline Rush</div><div title="Ahmad Tea" class="b-checkbox-list__option b-checkbox-list__option_checked_false b-checkbox-list__option_disabled_true">Ahmad Tea</div><div title="Akbar" class="b-checkbox-list__option b-checkbox-list__option_checked_false b-checkbox-list__option_disabled_true">Akbar</div><div title="Alpen Gold" class="b-checkbox-list__option b-checkbox-list__option_checked_false b-checkbox-list__option_disabled_true">Alpen Gold</div><div title="Always" class="b-checkbox-list__option b-checkbox-list__option_checked_false b-checkbox-list__option_disabled_true">Always</div><div title="Amstel" class="b-checkbox-list__option b-checkbox-list__option_checked_false b-checkbox-list__option_disabled_true">Amstel</div><div title="Angry Birds" class="b-checkbox-list__option b-checkbox-list__option_checked_false b-checkbox-list__option_disabled_true">Angry Birds</div><div title="AOS" class="b-checkbox-list__option b-checkbox-list__option_checked_false b-checkbox-list__option_disabled_true">AOS</div><div title="Ariel" class="b-checkbox-list__option b-checkbox-list__option_checked_false b-checkbox-list__option_disabled_true">Ariel</div><div title="Arko men" class="b-checkbox-list__option b-checkbox-list__option_checked_false b-checkbox-list__option_disabled_true">Arko men</div><div title="Arla Natura" class="b-checkbox-list__option b-checkbox-list__option_checked_false b-checkbox-list__option_disabled_true">Arla Natura</div><div title="AUCHENTOSHAN" class="b-checkbox-list__option b-checkbox-list__option_checked_false b-checkbox-list__option_disabled_true">AUCHENTOSHAN</div><div title="Aura" class="b-checkbox-list__option b-checkbox-list__option_checked_false b-checkbox-list__option_disabled_true">Aura</div><div title="Axe" class="b-checkbox-list__option b-checkbox-list__option_checked_false b-checkbox-list__option_disabled_true">Axe</div><div title="Bacardi" class="b-checkbox-list__option b-checkbox-list__option_checked_false b-checkbox-list__option_disabled_true">Bacardi</div><div title="Bagbier" class="b-checkbox-list__option b-checkbox-list__option_checked_false b-checkbox-list__option_disabled_true">Bagbier</div><div title="Ballantine&#39;s" class="b-checkbox-list__option b-checkbox-list__option_checked_false b-checkbox-list__option_disabled_true">Ballantine's</div><div title="Barilla" class="b-checkbox-list__option b-checkbox-list__option_checked_false b-checkbox-list__option_disabled_false">Barilla</div><div title="Baron Otard" class="b-checkbox-list__option b-checkbox-list__option_checked_false b-checkbox-list__option_disabled_true">Baron Otard</div><div title="Bavaria" class="b-checkbox-list__option b-checkbox-list__option_checked_false b-checkbox-list__option_disabled_true">Bavaria</div><div title="Beefeater" class="b-checkbox-list__option b-checkbox-list__option_checked_false b-checkbox-list__option_disabled_true">Beefeater</div><div title="Bell&#39;s" class="b-checkbox-list__option b-checkbox-list__option_checked_false b-checkbox-list__option_disabled_true">Bell's</div><div title="Bella" class="b-checkbox-list__option b-checkbox-list__option_checked_false b-checkbox-list__option_disabled_true">Bella</div><div title="BiMax" class="b-checkbox-list__option b-checkbox-list__option_checked_false b-checkbox-list__option_disabled_true">BiMax</div><div title="BioCos" class="b-checkbox-list__option b-checkbox-list__option_checked_false b-checkbox-list__option_disabled_true">BioCos</div><div title="Birra Moretti" class="b-checkbox-list__option b-checkbox-list__option_checked_false b-checkbox-list__option_disabled_true">Birra Moretti</div><div title="Bombay Sapphire" class="b-checkbox-list__option b-checkbox-list__option_checked_false b-checkbox-list__option_disabled_true">Bombay Sapphire</div><div title="Bonduelle" class="b-checkbox-list__option b-checkbox-list__option_checked_false b-checkbox-list__option_disabled_true">Bonduelle</div><div title="Bounty" class="b-checkbox-list__option b-checkbox-list__option_checked_false b-checkbox-list__option_disabled_true">Bounty</div><div title="Bref" class="b-checkbox-list__option b-checkbox-list__option_checked_false b-checkbox-list__option_disabled_true">Bref</div><div title="Bübchen" class="b-checkbox-list__option b-checkbox-list__option_checked_false b-checkbox-list__option_disabled_true">Bübchen</div><div title="Bud" class="b-checkbox-list__option b-checkbox-list__option_checked_false b-checkbox-list__option_disabled_true">Bud</div><div title="Calve" class="b-checkbox-list__option b-checkbox-list__option_checked_false b-checkbox-list__option_disabled_false">Calve</div><div title="Captain Morgan" class="b-checkbox-list__option b-checkbox-list__option_checked_false b-checkbox-list__option_disabled_true">Captain Morgan</div><div title="Carte Noire" class="b-checkbox-list__option b-checkbox-list__option_checked_false b-checkbox-list__option_disabled_true">Carte Noire</div><div title="Catsan" class="b-checkbox-list__option b-checkbox-list__option_checked_false b-checkbox-list__option_disabled_true">Catsan</div><div title="Cesar" class="b-checkbox-list__option b-checkbox-list__option_checked_false b-checkbox-list__option_disabled_true">Cesar</div><div title="Chivas Regal" class="b-checkbox-list__option b-checkbox-list__option_checked_false b-checkbox-list__option_disabled_true">Chivas Regal</div><div title="Chupa Chups" class="b-checkbox-list__option b-checkbox-list__option_checked_false b-checkbox-list__option_disabled_true">Chupa Chups</div><div title="Cif" class="b-checkbox-list__option b-checkbox-list__option_checked_false b-checkbox-list__option_disabled_true">Cif</div><div title="CLEAR vita ABE" class="b-checkbox-list__option b-checkbox-list__option_checked_false b-checkbox-list__option_disabled_true">CLEAR vita ABE</div><div title="Clin" class="b-checkbox-list__option b-checkbox-list__option_checked_false b-checkbox-list__option_disabled_true">Clin</div><div title="Coca-Cola" class="b-checkbox-list__option b-checkbox-list__option_checked_false b-checkbox-list__option_disabled_true">Coca-Cola</div><div title="Colgate" class="b-checkbox-list__option b-checkbox-list__option_checked_false b-checkbox-list__option_disabled_true">Colgate</div><div title="Comet" class="b-checkbox-list__option b-checkbox-list__option_checked_false b-checkbox-list__option_disabled_true">Comet</div><div title="Cookie Crisp" class="b-checkbox-list__option b-checkbox-list__option_checked_false b-checkbox-list__option_disabled_true">Cookie Crisp</div><div title="Cote d&#39;Or" class="b-checkbox-list__option b-checkbox-list__option_checked_false b-checkbox-list__option_disabled_true">Cote d'Or</div><div title="Danissimo" class="b-checkbox-list__option b-checkbox-list__option_checked_false b-checkbox-list__option_disabled_true">Danissimo</div><div title="Danone" class="b-checkbox-list__option b-checkbox-list__option_checked_false b-checkbox-list__option_disabled_true">Danone</div><div title="Deveron" class="b-checkbox-list__option b-checkbox-list__option_checked_false b-checkbox-list__option_disabled_true">Deveron</div><div title="Dewar’s" class="b-checkbox-list__option b-checkbox-list__option_checked_false b-checkbox-list__option_disabled_true">Dewar’s</div><div title="Dolmio" class="b-checkbox-list__option b-checkbox-list__option_checked_false b-checkbox-list__option_disabled_false">Dolmio</div><div title="Domestos" class="b-checkbox-list__option b-checkbox-list__option_checked_false b-checkbox-list__option_disabled_true">Domestos</div><div title="Dove" class="b-checkbox-list__option b-checkbox-list__option_checked_false b-checkbox-list__option_disabled_true">Dove</div><div title="Dove" class="b-checkbox-list__option b-checkbox-list__option_checked_false b-checkbox-list__option_disabled_true">Dove</div><div title="DR.OETKER" class="b-checkbox-list__option b-checkbox-list__option_checked_false b-checkbox-list__option_disabled_true">DR.OETKER</div><div title="Dreamies" class="b-checkbox-list__option b-checkbox-list__option_checked_false b-checkbox-list__option_disabled_true">Dreamies</div><div title="E" class="b-checkbox-list__option b-checkbox-list__option_checked_false b-checkbox-list__option_disabled_true">E</div><div title="Efes Pilsener" class="b-checkbox-list__option b-checkbox-list__option_checked_false b-checkbox-list__option_disabled_true">Efes Pilsener</div><div title="ESSA" class="b-checkbox-list__option b-checkbox-list__option_checked_false b-checkbox-list__option_disabled_true">ESSA</div><div title="Evervess" class="b-checkbox-list__option b-checkbox-list__option_checked_false b-checkbox-list__option_disabled_true">Evervess</div><div title="Fa" class="b-checkbox-list__option b-checkbox-list__option_checked_false b-checkbox-list__option_disabled_true">Fa</div><div title="Fairy" class="b-checkbox-list__option b-checkbox-list__option_checked_false b-checkbox-list__option_disabled_true">Fairy</div><div title="Fanta" class="b-checkbox-list__option b-checkbox-list__option_checked_false b-checkbox-list__option_disabled_true">Fanta</div><div title="Fine Life" class="b-checkbox-list__option b-checkbox-list__option_checked_false b-checkbox-list__option_disabled_true">Fine Life</div><div title="Fresh Step" class="b-checkbox-list__option b-checkbox-list__option_checked_false b-checkbox-list__option_disabled_true">Fresh Step</div><div title="Friso" class="b-checkbox-list__option b-checkbox-list__option_checked_false b-checkbox-list__option_disabled_true">Friso</div><div title="Fruittella" class="b-checkbox-list__option b-checkbox-list__option_checked_false b-checkbox-list__option_disabled_true">Fruittella</div><div title="Garnier" class="b-checkbox-list__option b-checkbox-list__option_checked_false b-checkbox-list__option_disabled_true">Garnier</div><div title="GB" class="b-checkbox-list__option b-checkbox-list__option_checked_false b-checkbox-list__option_disabled_true">GB</div><div title="Geisha" class="b-checkbox-list__option b-checkbox-list__option_checked_false b-checkbox-list__option_disabled_true">Geisha</div><div title="Gerber" class="b-checkbox-list__option b-checkbox-list__option_checked_false b-checkbox-list__option_disabled_true">Gerber</div><div title="Got2b" class="b-checkbox-list__option b-checkbox-list__option_checked_false b-checkbox-list__option_disabled_true">Got2b</div><div title="Grant&#39;s" class="b-checkbox-list__option b-checkbox-list__option_checked_false b-checkbox-list__option_disabled_true">Grant's</div><div title="Greenfield" class="b-checkbox-list__option b-checkbox-list__option_checked_false b-checkbox-list__option_disabled_true">Greenfield</div><div title="Grey Goose" class="b-checkbox-list__option b-checkbox-list__option_checked_false b-checkbox-list__option_disabled_true">Grey Goose</div><div title="Grolsch" class="b-checkbox-list__option b-checkbox-list__option_checked_false b-checkbox-list__option_disabled_true">Grolsch</div><div title="Guinness" class="b-checkbox-list__option b-checkbox-list__option_checked_false b-checkbox-list__option_disabled_true">Guinness</div><div title="Havana Club" class="b-checkbox-list__option b-checkbox-list__option_checked_false b-checkbox-list__option_disabled_true">Havana Club</div><div title="Head &amp; Shoulders" class="b-checkbox-list__option b-checkbox-list__option_checked_false b-checkbox-list__option_disabled_true">Head &amp; Shoulders</div><div title="Heineken" class="b-checkbox-list__option b-checkbox-list__option_checked_false b-checkbox-list__option_disabled_true">Heineken</div><div title="Heinz" class="b-checkbox-list__option b-checkbox-list__option_checked_false b-checkbox-list__option_disabled_false">Heinz</div><div title="Helen Harper" class="b-checkbox-list__option b-checkbox-list__option_checked_false b-checkbox-list__option_disabled_true">Helen Harper</div><div title="Hennessy V.S.O.P." class="b-checkbox-list__option b-checkbox-list__option_checked_false b-checkbox-list__option_disabled_true">Hennessy V.S.O.P.</div><div title="Hill&#39;s" class="b-checkbox-list__option b-checkbox-list__option_checked_false b-checkbox-list__option_disabled_true">Hill's</div><div title="Hochland" class="b-checkbox-list__option b-checkbox-list__option_checked_false b-checkbox-list__option_disabled_true">Hochland</div><div title="Hoegaarden" class="b-checkbox-list__option b-checkbox-list__option_checked_false b-checkbox-list__option_disabled_true">Hoegaarden</div><div title="Holsten" class="b-checkbox-list__option b-checkbox-list__option_checked_false b-checkbox-list__option_disabled_true">Holsten</div><div title="Huggies" class="b-checkbox-list__option b-checkbox-list__option_checked_false b-checkbox-list__option_disabled_true">Huggies</div><div title="J7" class="b-checkbox-list__option b-checkbox-list__option_checked_false b-checkbox-list__option_disabled_true">J7</div><div title="Jacobs" class="b-checkbox-list__option b-checkbox-list__option_checked_false b-checkbox-list__option_disabled_true">Jacobs</div><div title="Jameson" class="b-checkbox-list__option b-checkbox-list__option_checked_false b-checkbox-list__option_disabled_true">Jameson</div><div title="Jardin" class="b-checkbox-list__option b-checkbox-list__option_checked_false b-checkbox-list__option_disabled_true">Jardin</div><div title="Jim Beam" class="b-checkbox-list__option b-checkbox-list__option_checked_false b-checkbox-list__option_disabled_true">Jim Beam</div><div title="Johnnie Walker" class="b-checkbox-list__option b-checkbox-list__option_checked_false b-checkbox-list__option_disabled_true">Johnnie Walker</div><div title="Johnson’s baby" class="b-checkbox-list__option b-checkbox-list__option_checked_false b-checkbox-list__option_disabled_true">Johnson’s baby</div><div title="Juicy Fruit" class="b-checkbox-list__option b-checkbox-list__option_checked_false b-checkbox-list__option_disabled_true">Juicy Fruit</div><div title="Kahlua" class="b-checkbox-list__option b-checkbox-list__option_checked_false b-checkbox-list__option_disabled_true">Kahlua</div><div title="Kilkenny" class="b-checkbox-list__option b-checkbox-list__option_checked_false b-checkbox-list__option_disabled_true">Kilkenny</div><div title="KINDER CHOCO-BONS" class="b-checkbox-list__option b-checkbox-list__option_checked_false b-checkbox-list__option_disabled_true">KINDER CHOCO-BONS</div><div title="KINDER МОЛОЧНЫЙ ЛОМТИК" class="b-checkbox-list__option b-checkbox-list__option_checked_false b-checkbox-list__option_disabled_true">KINDER МОЛОЧНЫЙ ЛОМТИК</div><div title="Kinder Сюрприз" class="b-checkbox-list__option b-checkbox-list__option_checked_false b-checkbox-list__option_disabled_true">Kinder Сюрприз</div><div title="KIT KAT" class="b-checkbox-list__option b-checkbox-list__option_checked_false b-checkbox-list__option_disabled_true">KIT KAT</div><div title="Knorr" class="b-checkbox-list__option b-checkbox-list__option_checked_false b-checkbox-list__option_disabled_true">Knorr</div><div title="Kosmostars" class="b-checkbox-list__option b-checkbox-list__option_checked_false b-checkbox-list__option_disabled_true">Kosmostars</div><div title="L&#39;Oreal" class="b-checkbox-list__option b-checkbox-list__option_checked_false b-checkbox-list__option_disabled_true">L'Oreal</div><div title="Laska" class="b-checkbox-list__option b-checkbox-list__option_checked_false b-checkbox-list__option_disabled_true">Laska</div><div title="Lays" class="b-checkbox-list__option b-checkbox-list__option_checked_false b-checkbox-list__option_disabled_true">Lays</div><div title="Lenor" class="b-checkbox-list__option b-checkbox-list__option_checked_false b-checkbox-list__option_disabled_true">Lenor</div><div title="Libero" class="b-checkbox-list__option b-checkbox-list__option_checked_false b-checkbox-list__option_disabled_true">Libero</div><div title="Libresse" class="b-checkbox-list__option b-checkbox-list__option_checked_false b-checkbox-list__option_disabled_true">Libresse</div><div title="Lindt" class="b-checkbox-list__option b-checkbox-list__option_checked_false b-checkbox-list__option_disabled_true">Lindt</div><div title="Lipton" class="b-checkbox-list__option b-checkbox-list__option_checked_false b-checkbox-list__option_disabled_true">Lipton</div><div title="Lipton Ice Tea" class="b-checkbox-list__option b-checkbox-list__option_checked_false b-checkbox-list__option_disabled_true">Lipton Ice Tea</div><div title="Losk" class="b-checkbox-list__option b-checkbox-list__option_checked_false b-checkbox-list__option_disabled_true">Losk</div><div title="Lovular" class="b-checkbox-list__option b-checkbox-list__option_checked_false b-checkbox-list__option_disabled_true">Lovular</div><div title="Lowenbrau" class="b-checkbox-list__option b-checkbox-list__option_checked_false b-checkbox-list__option_disabled_true">Lowenbrau</div><div title="MAKFA" class="b-checkbox-list__option b-checkbox-list__option_checked_false b-checkbox-list__option_disabled_true">MAKFA</div><div title="Mamba" class="b-checkbox-list__option b-checkbox-list__option_checked_false b-checkbox-list__option_disabled_true">Mamba</div><div title="Maneki" class="b-checkbox-list__option b-checkbox-list__option_checked_false b-checkbox-list__option_disabled_true">Maneki</div><div title="Mars" class="b-checkbox-list__option b-checkbox-list__option_checked_false b-checkbox-list__option_disabled_true">Mars</div><div title="Martell" class="b-checkbox-list__option b-checkbox-list__option_checked_false b-checkbox-list__option_disabled_true">Martell</div><div title="Martini" class="b-checkbox-list__option b-checkbox-list__option_checked_false b-checkbox-list__option_disabled_true">Martini</div><div title="Matti" class="b-checkbox-list__option b-checkbox-list__option_checked_false b-checkbox-list__option_disabled_true">Matti</div><div title="MAXIBON" class="b-checkbox-list__option b-checkbox-list__option_checked_false b-checkbox-list__option_disabled_true">MAXIBON</div><div title="Me to You" class="b-checkbox-list__option b-checkbox-list__option_checked_false b-checkbox-list__option_disabled_true">Me to You</div><div title="MEGA" class="b-checkbox-list__option b-checkbox-list__option_checked_false b-checkbox-list__option_disabled_true">MEGA</div><div title="Mentos" class="b-checkbox-list__option b-checkbox-list__option_checked_false b-checkbox-list__option_disabled_true">Mentos</div><div title="Merci" class="b-checkbox-list__option b-checkbox-list__option_checked_false b-checkbox-list__option_disabled_true">Merci</div><div title="Merries" class="b-checkbox-list__option b-checkbox-list__option_checked_false b-checkbox-list__option_disabled_true">Merries</div><div title="Milka" class="b-checkbox-list__option b-checkbox-list__option_checked_false b-checkbox-list__option_disabled_true">Milka</div><div title="Milky Way" class="b-checkbox-list__option b-checkbox-list__option_checked_false b-checkbox-list__option_disabled_true">Milky Way</div><div title="Miller" class="b-checkbox-list__option b-checkbox-list__option_checked_false b-checkbox-list__option_disabled_true">Miller</div><div title="Mirinda" class="b-checkbox-list__option b-checkbox-list__option_checked_false b-checkbox-list__option_disabled_true">Mirinda</div><div title="Moccona" class="b-checkbox-list__option b-checkbox-list__option_checked_false b-checkbox-list__option_disabled_true">Moccona</div><div title="Monkey Shoulder" class="b-checkbox-list__option b-checkbox-list__option_checked_false b-checkbox-list__option_disabled_true">Monkey Shoulder</div><div title="Moony" class="b-checkbox-list__option b-checkbox-list__option_checked_false b-checkbox-list__option_disabled_true">Moony</div><div title="Mountain Dew" class="b-checkbox-list__option b-checkbox-list__option_checked_false b-checkbox-list__option_disabled_true">Mountain Dew</div><div title="Mr. Proper" class="b-checkbox-list__option b-checkbox-list__option_checked_false b-checkbox-list__option_disabled_true">Mr. Proper</div><div title="Myllyn Paras" class="b-checkbox-list__option b-checkbox-list__option_checked_false b-checkbox-list__option_disabled_true">Myllyn Paras</div><div title="NAN" class="b-checkbox-list__option b-checkbox-list__option_checked_false b-checkbox-list__option_disabled_true">NAN</div><div title="Nescafé" class="b-checkbox-list__option b-checkbox-list__option_checked_false b-checkbox-list__option_disabled_true">Nescafé</div><div title="Nesquik" class="b-checkbox-list__option b-checkbox-list__option_checked_false b-checkbox-list__option_disabled_true">Nesquik</div><div title="Nestea" class="b-checkbox-list__option b-checkbox-list__option_checked_false b-checkbox-list__option_disabled_true">Nestea</div><div title="Nestle" class="b-checkbox-list__option b-checkbox-list__option_checked_false b-checkbox-list__option_disabled_true">Nestle</div><div title="Nestlé Gold" class="b-checkbox-list__option b-checkbox-list__option_checked_false b-checkbox-list__option_disabled_true">Nestlé Gold</div><div title="Nestle завтраки" class="b-checkbox-list__option b-checkbox-list__option_checked_false b-checkbox-list__option_disabled_true">Nestle завтраки</div><div title="Newcastle" class="b-checkbox-list__option b-checkbox-list__option_checked_false b-checkbox-list__option_disabled_true">Newcastle</div><div title="Nordic" class="b-checkbox-list__option b-checkbox-list__option_checked_false b-checkbox-list__option_disabled_true">Nordic</div><div title="Nutella" class="b-checkbox-list__option b-checkbox-list__option_checked_false b-checkbox-list__option_disabled_true">Nutella</div><div title="Nutrilon" class="b-checkbox-list__option b-checkbox-list__option_checked_false b-checkbox-list__option_disabled_true">Nutrilon</div><div title="Olmeca" class="b-checkbox-list__option b-checkbox-list__option_checked_false b-checkbox-list__option_disabled_true">Olmeca</div><div title="Oreo" class="b-checkbox-list__option b-checkbox-list__option_checked_false b-checkbox-list__option_disabled_true">Oreo</div><div title="Palette" class="b-checkbox-list__option b-checkbox-list__option_checked_false b-checkbox-list__option_disabled_true">Palette</div><div title="Pamperino" class="b-checkbox-list__option b-checkbox-list__option_checked_false b-checkbox-list__option_disabled_true">Pamperino</div><div title="Pampers" class="b-checkbox-list__option b-checkbox-list__option_checked_false b-checkbox-list__option_disabled_true">Pampers</div><div title="Paulaner" class="b-checkbox-list__option b-checkbox-list__option_checked_false b-checkbox-list__option_disabled_true">Paulaner</div><div title="Pedigree" class="b-checkbox-list__option b-checkbox-list__option_checked_false b-checkbox-list__option_disabled_true">Pedigree</div><div title="Pemolux" class="b-checkbox-list__option b-checkbox-list__option_checked_false b-checkbox-list__option_disabled_true">Pemolux</div><div title="Pemos" class="b-checkbox-list__option b-checkbox-list__option_checked_false b-checkbox-list__option_disabled_true">Pemos</div><div title="Pepsi" class="b-checkbox-list__option b-checkbox-list__option_checked_false b-checkbox-list__option_disabled_true">Pepsi</div><div title="Perfect Fit" class="b-checkbox-list__option b-checkbox-list__option_checked_false b-checkbox-list__option_disabled_true">Perfect Fit</div><div title="Persil" class="b-checkbox-list__option b-checkbox-list__option_checked_false b-checkbox-list__option_disabled_true">Persil</div><div title="Pilsner Urquell" class="b-checkbox-list__option b-checkbox-list__option_checked_false b-checkbox-list__option_disabled_true">Pilsner Urquell</div><div title="President" class="b-checkbox-list__option b-checkbox-list__option_checked_false b-checkbox-list__option_disabled_true">President</div><div title="Pril" class="b-checkbox-list__option b-checkbox-list__option_checked_false b-checkbox-list__option_disabled_true">Pril</div><div title="Pringles" class="b-checkbox-list__option b-checkbox-list__option_checked_false b-checkbox-list__option_disabled_true">Pringles</div><div title="PROSTO" class="b-checkbox-list__option b-checkbox-list__option_checked_false b-checkbox-list__option_disabled_true">PROSTO</div><div title="Pulpy" class="b-checkbox-list__option b-checkbox-list__option_checked_false b-checkbox-list__option_disabled_true">Pulpy</div><div title="Purina Felix" class="b-checkbox-list__option b-checkbox-list__option_checked_false b-checkbox-list__option_disabled_true">Purina Felix</div><div title="Purina Friskies" class="b-checkbox-list__option b-checkbox-list__option_checked_false b-checkbox-list__option_disabled_true">Purina Friskies</div><div title="Purina Gourmet" class="b-checkbox-list__option b-checkbox-list__option_checked_false b-checkbox-list__option_disabled_true">Purina Gourmet</div><div title="Purina ONE" class="b-checkbox-list__option b-checkbox-list__option_checked_false b-checkbox-list__option_disabled_true">Purina ONE</div><div title="Purina ProPlan" class="b-checkbox-list__option b-checkbox-list__option_checked_false b-checkbox-list__option_disabled_true">Purina ProPlan</div><div title="RAFFAELLO" class="b-checkbox-list__option b-checkbox-list__option_checked_false b-checkbox-list__option_disabled_true">RAFFAELLO</div><div title="Rexona" class="b-checkbox-list__option b-checkbox-list__option_checked_false b-checkbox-list__option_disabled_true">Rexona</div><div title="Rich" class="b-checkbox-list__option b-checkbox-list__option_checked_false b-checkbox-list__option_disabled_true">Rich</div><div title="Richard" class="b-checkbox-list__option b-checkbox-list__option_checked_false b-checkbox-list__option_disabled_true">Richard</div><div title="Ritter Sport" class="b-checkbox-list__option b-checkbox-list__option_checked_false b-checkbox-list__option_disabled_true">Ritter Sport</div><div title="Schauma" class="b-checkbox-list__option b-checkbox-list__option_checked_false b-checkbox-list__option_disabled_true">Schauma</div><div title="Schwarzkopf" class="b-checkbox-list__option b-checkbox-list__option_checked_false b-checkbox-list__option_disabled_true">Schwarzkopf</div><div title="SCHWEPPES" class="b-checkbox-list__option b-checkbox-list__option_checked_false b-checkbox-list__option_disabled_true">SCHWEPPES</div><div title="Sea Shells" class="b-checkbox-list__option b-checkbox-list__option_checked_false b-checkbox-list__option_disabled_true">Sea Shells</div><div title="Sheba" class="b-checkbox-list__option b-checkbox-list__option_checked_false b-checkbox-list__option_disabled_true">Sheba</div><div title="Singleton" class="b-checkbox-list__option b-checkbox-list__option_checked_false b-checkbox-list__option_disabled_true">Singleton</div><div title="Snickers" class="b-checkbox-list__option b-checkbox-list__option_checked_false b-checkbox-list__option_disabled_true">Snickers</div><div title="Somat" class="b-checkbox-list__option b-checkbox-list__option_checked_false b-checkbox-list__option_disabled_true">Somat</div><div title="Sorti" class="b-checkbox-list__option b-checkbox-list__option_checked_false b-checkbox-list__option_disabled_true">Sorti</div><div title="Spaten" class="b-checkbox-list__option b-checkbox-list__option_checked_false b-checkbox-list__option_disabled_true">Spaten</div><div title="Sprite" class="b-checkbox-list__option b-checkbox-list__option_checked_false b-checkbox-list__option_disabled_true">Sprite</div><div title="Staropramen" class="b-checkbox-list__option b-checkbox-list__option_checked_false b-checkbox-list__option_disabled_true">Staropramen</div><div title="Sula" class="b-checkbox-list__option b-checkbox-list__option_checked_false b-checkbox-list__option_disabled_true">Sula</div><div title="Syoss" class="b-checkbox-list__option b-checkbox-list__option_checked_false b-checkbox-list__option_disabled_true">Syoss</div><div title="Taft" class="b-checkbox-list__option b-checkbox-list__option_checked_false b-checkbox-list__option_disabled_true">Taft</div><div title="Talisker" class="b-checkbox-list__option b-checkbox-list__option_checked_false b-checkbox-list__option_disabled_true">Talisker</div><div title="Tchibo" class="b-checkbox-list__option b-checkbox-list__option_checked_false b-checkbox-list__option_disabled_true">Tchibo</div><div title="Tess" class="b-checkbox-list__option b-checkbox-list__option_checked_false b-checkbox-list__option_disabled_true">Tess</div><div title="The Famous Grouse" class="b-checkbox-list__option b-checkbox-list__option_checked_false b-checkbox-list__option_disabled_true">The Famous Grouse</div><div title="The Glenlivet" class="b-checkbox-list__option b-checkbox-list__option_checked_false b-checkbox-list__option_disabled_true">The Glenlivet</div><div title="Tide" class="b-checkbox-list__option b-checkbox-list__option_checked_false b-checkbox-list__option_disabled_true">Tide</div><div title="Tiger" class="b-checkbox-list__option b-checkbox-list__option_checked_false b-checkbox-list__option_disabled_true">Tiger</div><div title="Timotei" class="b-checkbox-list__option b-checkbox-list__option_checked_false b-checkbox-list__option_disabled_true">Timotei</div><div title="Toffifee" class="b-checkbox-list__option b-checkbox-list__option_checked_false b-checkbox-list__option_disabled_true">Toffifee</div><div title="Tuborg" class="b-checkbox-list__option b-checkbox-list__option_checked_false b-checkbox-list__option_disabled_true">Tuborg</div><div title="Twix" class="b-checkbox-list__option b-checkbox-list__option_checked_false b-checkbox-list__option_disabled_true">Twix</div><div title="Valio" class="b-checkbox-list__option b-checkbox-list__option_checked_false b-checkbox-list__option_disabled_true">Valio</div><div title="Velkopopovicky Kozel" class="b-checkbox-list__option b-checkbox-list__option_checked_false b-checkbox-list__option_disabled_true">Velkopopovicky Kozel</div><div title="Vernel" class="b-checkbox-list__option b-checkbox-list__option_checked_false b-checkbox-list__option_disabled_true">Vernel</div><div title="Whiskas" class="b-checkbox-list__option b-checkbox-list__option_checked_false b-checkbox-list__option_disabled_true">Whiskas</div><div title="White Horse" class="b-checkbox-list__option b-checkbox-list__option_checked_false b-checkbox-list__option_disabled_true">White Horse</div><div title="William Lawson’s" class="b-checkbox-list__option b-checkbox-list__option_checked_false b-checkbox-list__option_disabled_true">William Lawson’s</div><div title="ZEWA" class="b-checkbox-list__option b-checkbox-list__option_checked_false b-checkbox-list__option_disabled_true">ZEWA</div><div title="Агро-Альянс" class="b-checkbox-list__option b-checkbox-list__option_checked_false b-checkbox-list__option_disabled_true">Агро-Альянс</div><div title="Агуша" class="b-checkbox-list__option b-checkbox-list__option_checked_false b-checkbox-list__option_disabled_true">Агуша</div><div title="Аква Минерале" class="b-checkbox-list__option b-checkbox-list__option_checked_false b-checkbox-list__option_disabled_true">Аква Минерале</div><div title="Активиа" class="b-checkbox-list__option b-checkbox-list__option_checked_false b-checkbox-list__option_disabled_true">Активиа</div><div title="Актуаль" class="b-checkbox-list__option b-checkbox-list__option_checked_false b-checkbox-list__option_disabled_true">Актуаль</div><div title="Алтайская сказка" class="b-checkbox-list__option b-checkbox-list__option_checked_false b-checkbox-list__option_disabled_true">Алтайская сказка</div><div title="АТЯШЕВО" class="b-checkbox-list__option b-checkbox-list__option_checked_false b-checkbox-list__option_disabled_true">АТЯШЕВО</div><div title="БАБАЕВСКИЙ" class="b-checkbox-list__option b-checkbox-list__option_checked_false b-checkbox-list__option_disabled_true">БАБАЕВСКИЙ</div><div title="Балтийский" class="b-checkbox-list__option b-checkbox-list__option_checked_false b-checkbox-list__option_disabled_true">Балтийский</div><div title="Балтийский берег" class="b-checkbox-list__option b-checkbox-list__option_checked_false b-checkbox-list__option_disabled_true">Балтийский берег</div><div title="Балтика" class="b-checkbox-list__option b-checkbox-list__option_checked_false b-checkbox-list__option_disabled_true">Балтика</div><div title="Балтимор" class="b-checkbox-list__option b-checkbox-list__option_checked_false b-checkbox-list__option_disabled_false">Балтимор</div><div title="Банное" class="b-checkbox-list__option b-checkbox-list__option_checked_false b-checkbox-list__option_disabled_true">Банное</div><div title="Бархатные Ручки" class="b-checkbox-list__option b-checkbox-list__option_checked_false b-checkbox-list__option_disabled_true">Бархатные Ручки</div><div title="Барьер" class="b-checkbox-list__option b-checkbox-list__option_checked_false b-checkbox-list__option_disabled_true">Барьер</div><div title="Бегемотик Бонди" class="b-checkbox-list__option b-checkbox-list__option_checked_false b-checkbox-list__option_disabled_true">Бегемотик Бонди</div><div title="Белебеевский" class="b-checkbox-list__option b-checkbox-list__option_checked_false b-checkbox-list__option_disabled_true">Белебеевский</div><div title="Белый Медведь" class="b-checkbox-list__option b-checkbox-list__option_checked_false b-checkbox-list__option_disabled_true">Белый Медведь</div><div title="Био Баланс" class="b-checkbox-list__option b-checkbox-list__option_checked_false b-checkbox-list__option_disabled_true">Био Баланс</div><div title="Биолан" class="b-checkbox-list__option b-checkbox-list__option_checked_false b-checkbox-list__option_disabled_true">Биолан</div><div title="Благо" class="b-checkbox-list__option b-checkbox-list__option_checked_false b-checkbox-list__option_disabled_true">Благо</div><div title="Бон Пари" class="b-checkbox-list__option b-checkbox-list__option_checked_false b-checkbox-list__option_disabled_true">Бон Пари</div><div title="Быстров" class="b-checkbox-list__option b-checkbox-list__option_checked_false b-checkbox-list__option_disabled_true">Быстров</div><div title="Васькино счастье" class="b-checkbox-list__option b-checkbox-list__option_checked_false b-checkbox-list__option_disabled_true">Васькино счастье</div><div title="Вдохновение" class="b-checkbox-list__option b-checkbox-list__option_checked_false b-checkbox-list__option_disabled_true">Вдохновение</div><div title="Великолукский" class="b-checkbox-list__option b-checkbox-list__option_checked_false b-checkbox-list__option_disabled_true">Великолукский</div><div title="Вечерний звон" class="b-checkbox-list__option b-checkbox-list__option_checked_false b-checkbox-list__option_disabled_true">Вечерний звон</div><div title="Виола" class="b-checkbox-list__option b-checkbox-list__option_checked_false b-checkbox-list__option_disabled_true">Виола</div><div title="витако" class="b-checkbox-list__option b-checkbox-list__option_checked_false b-checkbox-list__option_disabled_true">витако</div><div title="Воздушный" class="b-checkbox-list__option b-checkbox-list__option_checked_false b-checkbox-list__option_disabled_true">Воздушный</div><div title="Вязанка" class="b-checkbox-list__option b-checkbox-list__option_checked_false b-checkbox-list__option_disabled_true">Вязанка</div><div title="деревенские лакомства" class="b-checkbox-list__option b-checkbox-list__option_checked_false b-checkbox-list__option_disabled_true">деревенские лакомства</div><div title="Десертные" class="b-checkbox-list__option b-checkbox-list__option_checked_false b-checkbox-list__option_disabled_true">Десертные</div><div title="Добрый" class="b-checkbox-list__option b-checkbox-list__option_checked_false b-checkbox-list__option_disabled_true">Добрый</div><div title="Домик в деревне" class="b-checkbox-list__option b-checkbox-list__option_checked_false b-checkbox-list__option_disabled_true">Домик в&nbsp;деревне</div><div title="Дракоша" class="b-checkbox-list__option b-checkbox-list__option_checked_false b-checkbox-list__option_disabled_true">Дракоша</div><div title="Дубки" class="b-checkbox-list__option b-checkbox-list__option_checked_false b-checkbox-list__option_disabled_true">Дубки</div><div title="Дядя Ваня" class="b-checkbox-list__option b-checkbox-list__option_checked_false b-checkbox-list__option_disabled_true">Дядя Ваня</div><div title="Ессентуки" class="b-checkbox-list__option b-checkbox-list__option_checked_false b-checkbox-list__option_disabled_true">Ессентуки</div><div title="Жигулевское" class="b-checkbox-list__option b-checkbox-list__option_checked_false b-checkbox-list__option_disabled_true">Жигулевское</div><div title="Жокей" class="b-checkbox-list__option b-checkbox-list__option_checked_false b-checkbox-list__option_disabled_true">Жокей</div><div title="Злато" class="b-checkbox-list__option b-checkbox-list__option_checked_false b-checkbox-list__option_disabled_true">Злато</div><div title="Золотая Бочка" class="b-checkbox-list__option b-checkbox-list__option_checked_false b-checkbox-list__option_disabled_true">Золотая Бочка</div><div title="Золотой степ" class="b-checkbox-list__option b-checkbox-list__option_checked_false b-checkbox-list__option_disabled_true">Золотой степ</div><div title="Имунеле" class="b-checkbox-list__option b-checkbox-list__option_checked_false b-checkbox-list__option_disabled_true">Имунеле</div><div title="Инмарко" class="b-checkbox-list__option b-checkbox-list__option_checked_false b-checkbox-list__option_disabled_true">Инмарко</div><div title="Какао-порошок" class="b-checkbox-list__option b-checkbox-list__option_checked_false b-checkbox-list__option_disabled_true">Какао-порошок</div><div title="Канц" class="b-checkbox-list__option b-checkbox-list__option_checked_false b-checkbox-list__option_disabled_true">Канц</div><div title="Клинское" class="b-checkbox-list__option b-checkbox-list__option_checked_false b-checkbox-list__option_disabled_true">Клинское</div><div title="Комильфо" class="b-checkbox-list__option b-checkbox-list__option_checked_false b-checkbox-list__option_disabled_true">Комильфо</div><div title="Коммунарка" class="b-checkbox-list__option b-checkbox-list__option_checked_false b-checkbox-list__option_disabled_true">Коммунарка</div><div title="Коровка" class="b-checkbox-list__option b-checkbox-list__option_checked_false b-checkbox-list__option_disabled_true">Коровка</div><div title="Краковская" class="b-checkbox-list__option b-checkbox-list__option_checked_false b-checkbox-list__option_disabled_true">Краковская</div><div title="Крестьянское" class="b-checkbox-list__option b-checkbox-list__option_checked_false b-checkbox-list__option_disabled_true">Крестьянское</div><div title="Ламбер" class="b-checkbox-list__option b-checkbox-list__option_checked_false b-checkbox-list__option_disabled_true">Ламбер</div><div title="Левушка" class="b-checkbox-list__option b-checkbox-list__option_checked_false b-checkbox-list__option_disabled_true">Левушка</div><div title="Лесной бальзам" class="b-checkbox-list__option b-checkbox-list__option_checked_false b-checkbox-list__option_disabled_true">Лесной бальзам</div><div title="Любимый" class="b-checkbox-list__option b-checkbox-list__option_checked_false b-checkbox-list__option_disabled_true">Любимый</div><div title="Любятово" class="b-checkbox-list__option b-checkbox-list__option_checked_false b-checkbox-list__option_disabled_true">Любятово</div><div title="Мажитэль" class="b-checkbox-list__option b-checkbox-list__option_checked_false b-checkbox-list__option_disabled_true">Мажитэль</div><div title="Малаховский" class="b-checkbox-list__option b-checkbox-list__option_checked_false b-checkbox-list__option_disabled_true">Малаховский</div><div title="Маленькая фея" class="b-checkbox-list__option b-checkbox-list__option_checked_false b-checkbox-list__option_disabled_true">Маленькая фея</div><div title="Малышам" class="b-checkbox-list__option b-checkbox-list__option_checked_false b-checkbox-list__option_disabled_true">Малышам</div><div title="Малютка" class="b-checkbox-list__option b-checkbox-list__option_checked_false b-checkbox-list__option_disabled_true">Малютка</div><div title="Мария" class="b-checkbox-list__option b-checkbox-list__option_checked_false b-checkbox-list__option_disabled_true">Мария</div><div title="Махеев" class="b-checkbox-list__option b-checkbox-list__option_checked_false b-checkbox-list__option_disabled_false">Махеев</div><div title="Медвежонок Барни" class="b-checkbox-list__option b-checkbox-list__option_checked_false b-checkbox-list__option_disabled_true">Медвежонок Барни</div><div title="Меридиан" class="b-checkbox-list__option b-checkbox-list__option_checked_false b-checkbox-list__option_disabled_true">Меридиан</div><div title="Мир детства" class="b-checkbox-list__option b-checkbox-list__option_checked_false b-checkbox-list__option_disabled_true">Мир детства</div><div title="Мираторг" class="b-checkbox-list__option b-checkbox-list__option_checked_false b-checkbox-list__option_disabled_true">Мираторг</div><div title="Мистраль" class="b-checkbox-list__option b-checkbox-list__option_checked_false b-checkbox-list__option_disabled_true">Мистраль</div><div title="Миф" class="b-checkbox-list__option b-checkbox-list__option_checked_false b-checkbox-list__option_disabled_true">Миф</div><div title="Мишка косолапый" class="b-checkbox-list__option b-checkbox-list__option_checked_false b-checkbox-list__option_disabled_true">Мишка косолапый</div><div title="Москва" class="b-checkbox-list__option b-checkbox-list__option_checked_false b-checkbox-list__option_disabled_true">Москва</div><div title="МОСКОВСКИЙ КАРТОФЕЛЬ" class="b-checkbox-list__option b-checkbox-list__option_checked_false b-checkbox-list__option_disabled_true">МОСКОВСКИЙ КАРТОФЕЛЬ</div><div title="Моя Семья" class="b-checkbox-list__option b-checkbox-list__option_checked_false b-checkbox-list__option_disabled_true">Моя Семья</div><div title="Националь" class="b-checkbox-list__option b-checkbox-list__option_checked_false b-checkbox-list__option_disabled_true">Националь</div><div title="Националь" class="b-checkbox-list__option b-checkbox-list__option_checked_false b-checkbox-list__option_disabled_true">Националь</div><div title="Нежное суфле" class="b-checkbox-list__option b-checkbox-list__option_checked_false b-checkbox-list__option_disabled_true">Нежное суфле</div><div title="Особый" class="b-checkbox-list__option b-checkbox-list__option_checked_false b-checkbox-list__option_disabled_true">Особый</div><div title="Останкино" class="b-checkbox-list__option b-checkbox-list__option_checked_false b-checkbox-list__option_disabled_true">Останкино</div><div title="Охота" class="b-checkbox-list__option b-checkbox-list__option_checked_false b-checkbox-list__option_disabled_true">Охота</div><div title="очень важный" class="b-checkbox-list__option b-checkbox-list__option_checked_false b-checkbox-list__option_disabled_true">очень важный</div><div title="Пари" class="b-checkbox-list__option b-checkbox-list__option_checked_false b-checkbox-list__option_disabled_true">Пари</div><div title="Пекарь" class="b-checkbox-list__option b-checkbox-list__option_checked_false b-checkbox-list__option_disabled_true">Пекарь</div><div title="Пелигрин" class="b-checkbox-list__option b-checkbox-list__option_checked_false b-checkbox-list__option_disabled_true">Пелигрин</div><div title="ПЕЧЁМ ДОМА" class="b-checkbox-list__option b-checkbox-list__option_checked_false b-checkbox-list__option_disabled_true">ПЕЧЁМ ДОМА</div><div title="Пиканта" class="b-checkbox-list__option b-checkbox-list__option_checked_false b-checkbox-list__option_disabled_true">Пиканта</div><div title="По-королевски" class="b-checkbox-list__option b-checkbox-list__option_checked_false b-checkbox-list__option_disabled_true">По-королевски</div><div title="Принцесса Гита" class="b-checkbox-list__option b-checkbox-list__option_checked_false b-checkbox-list__option_disabled_true">Принцесса Гита</div><div title="Принцесса Канди" class="b-checkbox-list__option b-checkbox-list__option_checked_false b-checkbox-list__option_disabled_true">Принцесса Канди</div><div title="Принцесса Нури" class="b-checkbox-list__option b-checkbox-list__option_checked_false b-checkbox-list__option_disabled_true">Принцесса Нури</div><div title="Провансаль" class="b-checkbox-list__option b-checkbox-list__option_checked_false b-checkbox-list__option_disabled_false">Провансаль</div><div title="Простоквашино" class="b-checkbox-list__option b-checkbox-list__option_checked_false b-checkbox-list__option_disabled_true">Простоквашино</div><div title="Птичье молоко" class="b-checkbox-list__option b-checkbox-list__option_checked_false b-checkbox-list__option_disabled_true">Птичье молоко</div><div title="ПУДОВЪ" class="b-checkbox-list__option b-checkbox-list__option_checked_false b-checkbox-list__option_disabled_true">ПУДОВЪ</div><div title="Пышка" class="b-checkbox-list__option b-checkbox-list__option_checked_false b-checkbox-list__option_disabled_true">Пышка</div><div title="Райские Облака" class="b-checkbox-list__option b-checkbox-list__option_checked_false b-checkbox-list__option_disabled_true">Райские Облака</div><div title="Растишка" class="b-checkbox-list__option b-checkbox-list__option_checked_false b-checkbox-list__option_disabled_true">Растишка</div><div title="Россия" class="b-checkbox-list__option b-checkbox-list__option_checked_false b-checkbox-list__option_disabled_true">Россия</div><div title="Рот Фронт" class="b-checkbox-list__option b-checkbox-list__option_checked_false b-checkbox-list__option_disabled_true">Рот Фронт</div><div title="Русский продукт" class="b-checkbox-list__option b-checkbox-list__option_checked_false b-checkbox-list__option_disabled_true">Русский продукт</div><div title="Русский рыбный мир" class="b-checkbox-list__option b-checkbox-list__option_checked_false b-checkbox-list__option_disabled_true">Русский рыбный мир</div><div title="Ряба" class="b-checkbox-list__option b-checkbox-list__option_checked_false b-checkbox-list__option_disabled_false">Ряба</div><div title="Рязаночка" class="b-checkbox-list__option b-checkbox-list__option_checked_false b-checkbox-list__option_disabled_true">Рязаночка</div><div title="Сибирская коллекция" class="b-checkbox-list__option b-checkbox-list__option_checked_false b-checkbox-list__option_disabled_true">Сибирская коллекция</div><div title="Сибирская Корона" class="b-checkbox-list__option b-checkbox-list__option_checked_false b-checkbox-list__option_disabled_true">Сибирская Корона</div><div title="Сиртаки" class="b-checkbox-list__option b-checkbox-list__option_checked_false b-checkbox-list__option_disabled_true">Сиртаки</div><div title="Смак" class="b-checkbox-list__option b-checkbox-list__option_checked_false b-checkbox-list__option_disabled_true">Смак</div><div title="Солнце и Луна" class="b-checkbox-list__option b-checkbox-list__option_checked_false b-checkbox-list__option_disabled_true">Солнце и&nbsp;Луна</div><div title="Стародворские колбасы" class="b-checkbox-list__option b-checkbox-list__option_checked_false b-checkbox-list__option_disabled_true">Стародворские колбасы</div><div title="Старый кенигсберг" class="b-checkbox-list__option b-checkbox-list__option_checked_false b-checkbox-list__option_disabled_true">Старый кенигсберг</div><div title="Старый Мельник" class="b-checkbox-list__option b-checkbox-list__option_checked_false b-checkbox-list__option_disabled_true">Старый Мельник</div><div title="Сто рецептов красоты" class="b-checkbox-list__option b-checkbox-list__option_checked_false b-checkbox-list__option_disabled_true">Сто рецептов красоты</div><div title="Сухогруз" class="b-checkbox-list__option b-checkbox-list__option_checked_false b-checkbox-list__option_disabled_true">Сухогруз</div><div title="Сыробогатов" class="b-checkbox-list__option b-checkbox-list__option_checked_false b-checkbox-list__option_disabled_true">Сыробогатов</div><div title="Тарталетки" class="b-checkbox-list__option b-checkbox-list__option_checked_false b-checkbox-list__option_disabled_true">Тарталетки</div><div title="Тильзитер" class="b-checkbox-list__option b-checkbox-list__option_checked_false b-checkbox-list__option_disabled_true">Тильзитер</div><div title="Тонус" class="b-checkbox-list__option b-checkbox-list__option_checked_false b-checkbox-list__option_disabled_true">Тонус</div><div title="Три медведя" class="b-checkbox-list__option b-checkbox-list__option_checked_false b-checkbox-list__option_disabled_true">Три медведя</div><div title="Туалетный утенок" class="b-checkbox-list__option b-checkbox-list__option_checked_false b-checkbox-list__option_disabled_true">Туалетный утенок</div><div title="ТЁМА" class="b-checkbox-list__option b-checkbox-list__option_checked_false b-checkbox-list__option_disabled_true">ТЁМА</div><div title="Увелка" class="b-checkbox-list__option b-checkbox-list__option_checked_false b-checkbox-list__option_disabled_true">Увелка</div><div title="Ушастый нянь" class="b-checkbox-list__option b-checkbox-list__option_checked_false b-checkbox-list__option_disabled_true">Ушастый нянь</div><div title="Фили-Бейкер" class="b-checkbox-list__option b-checkbox-list__option_checked_false b-checkbox-list__option_disabled_true">Фили-Бейкер</div><div title="Фруктовый Сад" class="b-checkbox-list__option b-checkbox-list__option_checked_false b-checkbox-list__option_disabled_true">Фруктовый Сад</div><div title="Фрутоняня" class="b-checkbox-list__option b-checkbox-list__option_checked_false b-checkbox-list__option_disabled_true">Фрутоняня</div><div title="Халва глазированная" class="b-checkbox-list__option b-checkbox-list__option_checked_false b-checkbox-list__option_disabled_true">Халва глазированная</div><div title="ХрусTeam" class="b-checkbox-list__option b-checkbox-list__option_checked_false b-checkbox-list__option_disabled_true">ХрусTeam</div><div title="Хрутка" class="b-checkbox-list__option b-checkbox-list__option_checked_false b-checkbox-list__option_disabled_true">Хрутка</div><div title="Царь" class="b-checkbox-list__option b-checkbox-list__option_checked_false b-checkbox-list__option_disabled_true">Царь</div><div title="Черкизово" class="b-checkbox-list__option b-checkbox-list__option_checked_false b-checkbox-list__option_disabled_true">Черкизово</div><div title="Черная карта" class="b-checkbox-list__option b-checkbox-list__option_checked_false b-checkbox-list__option_disabled_true">Черная карта</div><div title="Черный жемчуг" class="b-checkbox-list__option b-checkbox-list__option_checked_false b-checkbox-list__option_disabled_true">Черный жемчуг</div><div title="Честное коровье" class="b-checkbox-list__option b-checkbox-list__option_checked_false b-checkbox-list__option_disabled_true">Честное коровье</div><div title="Чистая линия" class="b-checkbox-list__option b-checkbox-list__option_checked_false b-checkbox-list__option_disabled_true">Чистая линия</div><div title="Чудо" class="b-checkbox-list__option b-checkbox-list__option_checked_false b-checkbox-list__option_disabled_true">Чудо</div><div title="Чудо-Ягода" class="b-checkbox-list__option b-checkbox-list__option_checked_false b-checkbox-list__option_disabled_true">Чудо-Ягода</div><div title="Шихан" class="b-checkbox-list__option b-checkbox-list__option_checked_false b-checkbox-list__option_disabled_true">Шихан</div><div title="Юбилейное" class="b-checkbox-list__option b-checkbox-list__option_checked_false b-checkbox-list__option_disabled_true">Юбилейное</div><div title="Я" class="b-checkbox-list__option b-checkbox-list__option_checked_false b-checkbox-list__option_disabled_true">Я</div><div title="Я родился" class="b-checkbox-list__option b-checkbox-list__option_checked_false b-checkbox-list__option_disabled_true">Я&nbsp;родился</div><div title="Я Самая" class="b-checkbox-list__option b-checkbox-list__option_checked_false b-checkbox-list__option_disabled_true">Я&nbsp;Самая</div><div title="Яичная" class="b-checkbox-list__option b-checkbox-list__option_checked_false b-checkbox-list__option_disabled_true">Яичная</div><div title="Якобс монарх" class="b-checkbox-list__option b-checkbox-list__option_checked_false b-checkbox-list__option_disabled_true">Якобс монарх</div><div title="Ясно солнышко" class="b-checkbox-list__option b-checkbox-list__option_checked_false b-checkbox-list__option_disabled_true">Ясно солнышко</div><div title="Яшкино" class="b-checkbox-list__option b-checkbox-list__option_checked_false b-checkbox-list__option_disabled_true">Яшкино</div></div></div></div></div> <div class="b-accordion b-accordion_disabled_false"><div class="b-accordion__root"><div class="b-accordion__item1"><a href="https://edadeal.ru/kazan/offers" class="b-accordion__item1-title b-accordion__item1-title_active_true b-accordion__item1-title_selected_false b-accordion__item1-title_opened_false">Все категории</a> <!----></div><div class="b-accordion__item1"><a href="https://edadeal.ru/kazan/offers?segment=food" class="b-accordion__item1-title b-accordion__item1-title_active_true b-accordion__item1-title_selected_true b-accordion__item1-title_opened_true">Продукты</a> <div class="b-accordion__item1-children b-accordion__item1-children_last-opened_false"><div class="b-accordion__item2"><a href="https://edadeal.ru/kazan/offers?segment=dairy" class="b-accordion__item2-title b-accordion__item2-title_active_true b-accordion__item2-title_selected_false">Молочные продукты</a> <!----></div><div class="b-accordion__item2"><a href="https://edadeal.ru/kazan/offers?segment=meat" class="b-accordion__item2-title b-accordion__item2-title_active_true b-accordion__item2-title_selected_false">Мясо</a> <!----></div><div class="b-accordion__item2"><a href="https://edadeal.ru/kazan/offers?segment=poultry" class="b-accordion__item2-title b-accordion__item2-title_active_true b-accordion__item2-title_selected_false">Птица</a> <!----></div><div class="b-accordion__item2"><a href="https://edadeal.ru/kazan/offers?segment=eggs" class="b-accordion__item2-title b-accordion__item2-title_active_true b-accordion__item2-title_selected_false">Яйцо</a> <!----></div><div class="b-accordion__item2"><a href="https://edadeal.ru/kazan/offers?segment=meat-products" class="b-accordion__item2-title b-accordion__item2-title_active_true b-accordion__item2-title_selected_false">Мясные продукты</a> <!----></div><div class="b-accordion__item2"><a href="https://edadeal.ru/kazan/offers?segment=fish" class="b-accordion__item2-title b-accordion__item2-title_active_true b-accordion__item2-title_selected_false">Рыба</a> <!----></div><div class="b-accordion__item2"><div class="b-accordion__item2-title b-accordion__item2-title_current_true b-accordion__item2-title_disabled_false">Майонез и соусы</div> <div class="b-accordion__item2-children"><div class="b-accordion__item3"><a href="https://edadeal.ru/kazan/offers?segment=mayonnaise" class="b-accordion__item3-title b-accordion__item3-title_active_true b-accordion__item3-title_selected_false">Майонез</a></div><div class="b-accordion__item3"><a href="https://edadeal.ru/kazan/offers?segment=ketchup" class="b-accordion__item3-title b-accordion__item3-title_active_true b-accordion__item3-title_selected_false">Кетчуп</a></div><div class="b-accordion__item3"><a href="https://edadeal.ru/kazan/offers?segment=mustard" class="b-accordion__item3-title b-accordion__item3-title_active_true b-accordion__item3-title_selected_false">Горчица</a></div><div class="b-accordion__item3"><a href="https://edadeal.ru/kazan/offers?segment=horseradish" class="b-accordion__item3-title b-accordion__item3-title_active_true b-accordion__item3-title_selected_false">Хрен</a></div><div class="b-accordion__item3"><a href="https://edadeal.ru/kazan/offers?segment=sauces" class="b-accordion__item3-title b-accordion__item3-title_active_true b-accordion__item3-title_selected_false">Соусы</a></div></div></div><div class="b-accordion__item2"><a href="https://edadeal.ru/kazan/offers?segment=grocery" class="b-accordion__item2-title b-accordion__item2-title_active_true b-accordion__item2-title_selected_false">Бакалея</a> <!----></div><div class="b-accordion__item2"><a href="https://edadeal.ru/kazan/offers?segment=coffee" class="b-accordion__item2-title b-accordion__item2-title_active_true b-accordion__item2-title_selected_false">Кофе</a> <!----></div><div class="b-accordion__item2"><a href="https://edadeal.ru/kazan/offers?segment=sweet-stuff" class="b-accordion__item2-title b-accordion__item2-title_active_true b-accordion__item2-title_selected_false">Кондитерские изделия</a> <!----></div><div class="b-accordion__item2"><a href="https://edadeal.ru/kazan/offers?segment=fruits-vegetables" class="b-accordion__item2-title b-accordion__item2-title_active_true b-accordion__item2-title_selected_false">Фрукты, овощи</a> <!----></div><div class="b-accordion__item2"><a href="https://edadeal.ru/kazan/offers?segment=bread" class="b-accordion__item2-title b-accordion__item2-title_active_true b-accordion__item2-title_selected_false">Хлеб</a> <!----></div><div class="b-accordion__item2"><a href="https://edadeal.ru/kazan/offers?segment=frozen-food" class="b-accordion__item2-title b-accordion__item2-title_active_true b-accordion__item2-title_selected_false">Замороженные продукты</a> <!----></div><div class="b-accordion__item2"><a href="https://edadeal.ru/kazan/offers?segment=canned-goods" class="b-accordion__item2-title b-accordion__item2-title_active_true b-accordion__item2-title_selected_false">Консервы</a> <!----></div><div class="b-accordion__item2"><a href="https://edadeal.ru/kazan/offers?segment=cookery" class="b-accordion__item2-title b-accordion__item2-title_active_true b-accordion__item2-title_selected_false">Кулинария</a> <!----></div><div class="b-accordion__item2"><a href="https://edadeal.ru/kazan/offers?segment=beverages" class="b-accordion__item2-title b-accordion__item2-title_active_true b-accordion__item2-title_selected_false">Напитки</a> <!----></div></div></div><div class="b-accordion__item1"><a href="https://edadeal.ru/kazan/offers?segment=alcohol" class="b-accordion__item1-title b-accordion__item1-title_active_true b-accordion__item1-title_selected_false b-accordion__item1-title_opened_false">Алкоголь</a> <!----></div><div class="b-accordion__item1"><a href="https://edadeal.ru/kazan/offers?segment=home-stuff" class="b-accordion__item1-title b-accordion__item1-title_active_true b-accordion__item1-title_selected_false b-accordion__item1-title_opened_false">Для дома</a> <!----></div><div class="b-accordion__item1"><a href="https://edadeal.ru/kazan/offers?segment=cosmetics-hygiene" class="b-accordion__item1-title b-accordion__item1-title_active_true b-accordion__item1-title_selected_false b-accordion__item1-title_opened_false">Косметика и гигиена</a> <!----></div><div class="b-accordion__item1"><a href="https://edadeal.ru/kazan/offers?segment=for-kids" class="b-accordion__item1-title b-accordion__item1-title_active_true b-accordion__item1-title_selected_false b-accordion__item1-title_opened_false">Для детей</a> <!----></div><div class="b-accordion__item1"><a href="https://edadeal.ru/kazan/offers?segment=pet-supplies" class="b-accordion__item1-title b-accordion__item1-title_active_true b-accordion__item1-title_selected_false b-accordion__item1-title_opened_false">Зоотовары</a> <!----></div><div class="b-accordion__item1"><a href="https://edadeal.ru/kazan/offers?segment=clothes-footwear" class="b-accordion__item1-title b-accordion__item1-title_active_true b-accordion__item1-title_selected_false b-accordion__item1-title_opened_false">Одежда и обувь</a> <!----></div><div class="b-accordion__item1"><a href="https://edadeal.ru/kazan/offers?segment=sport-leisure" class="b-accordion__item1-title b-accordion__item1-title_active_true b-accordion__item1-title_selected_false b-accordion__item1-title_opened_false">Спорт и отдых</a> <!----></div><div class="b-accordion__item1"><a href="https://edadeal.ru/kazan/offers?segment=stationery" class="b-accordion__item1-title b-accordion__item1-title_active_true b-accordion__item1-title_selected_false b-accordion__item1-title_opened_false">Канцтовары</a> <!----></div><div class="b-accordion__item1"><a href="https://edadeal.ru/kazan/offers?segment=electronics" class="b-accordion__item1-title b-accordion__item1-title_active_true b-accordion__item1-title_selected_false b-accordion__item1-title_opened_false">Электроника</a> <!----></div></div></div></div></div></div> <div class="b-root__loader" style="display: none;"></div></div> <footer class="b-footer b-root__footer b-footer_disabled_false"><span class="b-footer__root"><div class="b-footer__footer-line"><div class="b-footer__container"><div class="b-footer__column"><a href="http://corp.edadeal.ru/" class="b-footer__link">О проекте</a> <a href="http://corp.edadeal.ru/#rec17663525" class="b-footer__link">Отзывы</a></div><div class="b-footer__column"><a href="http://corp.edadeal.ru/#rec18128494" class="b-footer__link">СМИ о нас</a> <a href="http://corp.edadeal.ru/questions" class="b-footer__link">Вопросы и ответы</a></div><div class="b-footer__column"><a href="http://corp.edadeal.ru/retail" class="b-footer__link">Сетям</a> <a href="http://corp.edadeal.ru/legal" class="b-footer__link">Лицензионное соглашение</a></div><div class="b-footer__column"><div class="b-footer__link"></div></div> <div class="b-footer__column"></div></div></div> <div class="b-footer__footer-line"><div class="b-footer__container"><div class="b-footer__column"><div class="b-footer__link">© Едадил, 2017</div></div><div class="b-footer__column"><div class="b-footer__link">Email для связи:</div></div><div class="b-footer__column"><a href="mailto:hello@edadeal.ru" class="b-footer__link">hello@edadeal.ru</a></div><div class="b-footer__column"><div class="b-footer__link"></div></div> <div class="b-footer__column">v2.0.2</div></div></div></span></footer></div> <!----> <!----></div> <noscript>  &lt;header&gt;&lt;nav&gt;&lt;a href="/"&gt;Главная&lt;/a&gt; &lt;a href="/kazan/offers"&gt;Акции&lt;/a&gt; &lt;a href="/kazan/retailers"&gt;Магазины&lt;/a&gt;&lt;/nav&gt;&lt;/header&gt; &lt;main&gt; &lt;ol itemscope itemtype="http://schema.org/BreadcrumbList"&gt;&lt;li itemprop="itemListElement" itemscope itemtype="http://schema.org/ListItem"&gt;&lt;a itemprop="item" itemscope itemtype="http://schema.org/Thing" href="https://edadeal.ru/"&gt;&lt;span itemprop="name"&gt;Главная&lt;/span&gt;&lt;/a&gt; &lt;meta itemprop="position" content="1"&gt;&lt;/li&gt;&lt;li itemprop="itemListElement" itemscope itemtype="http://schema.org/ListItem"&gt;&lt;a itemprop="item" itemscope itemtype="http://schema.org/Thing" href="https://edadeal.ru/kazan/offers"&gt;&lt;span itemprop="name"&gt;Акции&lt;/span&gt;&lt;/a&gt; &lt;meta itemprop="position" content="2"&gt;&lt;/li&gt;&lt;li itemprop="itemListElement" itemscope itemtype="http://schema.org/ListItem"&gt;&lt;a itemprop="item" itemscope itemtype="http://schema.org/Thing" href="/kazan/offers?segment=food"&gt;&lt;span itemprop="name"&gt;Продукты&lt;/span&gt;&lt;/a&gt; &lt;meta itemprop="position" content="3"&gt;&lt;/li&gt;&lt;li itemprop="itemListElement" itemscope itemtype="http://schema.org/ListItem"&gt;&lt;a itemprop="item" itemscope itemtype="http://schema.org/Thing" href="/kazan/offers?segment=poultry"&gt;&lt;span itemprop="name"&gt;Птица&lt;/span&gt;&lt;/a&gt; &lt;meta itemprop="position" content="4"&gt;&lt;/li&gt;&lt;/ol&gt; &lt;h1&gt;32&nbsp;акции в&nbsp;категории «Птица» в&nbsp;Казани &lt;/h1&gt;&lt;nav&gt;&lt;div&gt;&lt;ul style="list-style-type: circle"&gt; &lt;li&gt;&lt;a href="/kazan/offers?compilation=luchshiie&amp;amp;segment=poultry"&gt;Лучшие&lt;/a&gt;&lt;/li&gt;&lt;/ul&gt;&lt;/div&gt; &lt;div&gt;&lt;h2&gt;Магазины&lt;/h2&gt; &lt;ul style="list-style-type: circle"&gt;&lt;li&gt;&lt;a href="/kazan/offers?retailer=metro-cc&amp;segment=poultry"&gt;METRO&lt;/a&gt;&lt;/li&gt;&lt;li&gt;Selgros&lt;/li&gt;&lt;li&gt;АлкоДьюти&lt;/li&gt;&lt;li&gt;&lt;a href="/kazan/offers?retailer=tatspirtprom&amp;segment=poultry"&gt;Арыш Мае&lt;/a&gt;&lt;/li&gt;&lt;li&gt;Бахетле&lt;/li&gt;&lt;li&gt;Бетховен&lt;/li&gt;&lt;li&gt;&lt;a href="/kazan/offers?retailer=verno&amp;segment=poultry"&gt;Верный&lt;/a&gt;&lt;/li&gt;&lt;li&gt;Ветна&lt;/li&gt;&lt;li&gt;ВПРОК&lt;/li&gt;&lt;li&gt;Детский мир&lt;/li&gt;&lt;li&gt;Дочки-Сыночки&lt;/li&gt;&lt;li&gt;&lt;a href="/kazan/offers?retailer=karusel&amp;segment=poultry"&gt;Карусель&lt;/a&gt;&lt;/li&gt;&lt;li&gt;Красное и Белое&lt;/li&gt;&lt;li&gt;Лента гипермаркет&lt;/li&gt;&lt;li&gt;Магнит Косметик&lt;/li&gt;&lt;li&gt;Магнит универсам&lt;/li&gt;&lt;li&gt;Метрополь&lt;/li&gt;&lt;li&gt;Офисмаг&lt;/li&gt;&lt;li&gt;&lt;a href="/kazan/offers?retailer=perekrestok&amp;segment=poultry"&gt;Перекрёсток&lt;/a&gt;&lt;/li&gt;&lt;li&gt;&lt;a href="/kazan/offers?retailer=5ka&amp;segment=poultry"&gt;Пятёрочка&lt;/a&gt;&lt;/li&gt;&lt;li&gt;Рив Гош&lt;/li&gt;&lt;li&gt;Рубль Бум&lt;/li&gt;&lt;li&gt;РусАлка&lt;/li&gt;&lt;li&gt;Сеть алкомаркетов «Глобус»&lt;/li&gt;&lt;li&gt;Циркуль&lt;/li&gt;&lt;li&gt;Эдельвейс&lt;/li&gt;&lt;li&gt;Эльдорадо&lt;/li&gt;&lt;li&gt;&lt;a href="/kazan/offers?retailer=essen-retail-giper&amp;segment=poultry"&gt;Эссен гипермаркет&lt;/a&gt;&lt;/li&gt;&lt;/ul&gt; &lt;/div&gt;&lt;div&gt;&lt;h2&gt;Бренды&lt;/h2&gt; &lt;ul style="list-style-type: circle"&gt;&lt;li&gt;6 соток&lt;/li&gt;&lt;li&gt;7UP&lt;/li&gt;&lt;li&gt;48 КОПЕЕК&lt;/li&gt;&lt;li&gt;Aberfeldy&lt;/li&gt;&lt;li&gt;Absolut&lt;/li&gt;&lt;li&gt;Ace&lt;/li&gt;&lt;li&gt;Actimel&lt;/li&gt;&lt;li&gt;Adrenaline Rush&lt;/li&gt;&lt;li&gt;Ahmad Tea&lt;/li&gt;&lt;li&gt;Akbar&lt;/li&gt;&lt;li&gt;Alpen Gold&lt;/li&gt;&lt;li&gt;Always&lt;/li&gt;&lt;li&gt;Amstel&lt;/li&gt;&lt;li&gt;Angry Birds&lt;/li&gt;&lt;li&gt;AOS&lt;/li&gt;&lt;li&gt;Ariel&lt;/li&gt;&lt;li&gt;Arko men&lt;/li&gt;&lt;li&gt;Arla Natura&lt;/li&gt;&lt;li&gt;AUCHENTOSHAN&lt;/li&gt;&lt;li&gt;Aura&lt;/li&gt;&lt;li&gt;Axe&lt;/li&gt;&lt;li&gt;Bacardi&lt;/li&gt;&lt;li&gt;Bagbier&lt;/li&gt;&lt;li&gt;Ballantine's&lt;/li&gt;&lt;li&gt;Barilla&lt;/li&gt;&lt;li&gt;Baron Otard&lt;/li&gt;&lt;li&gt;Bavaria&lt;/li&gt;&lt;li&gt;Beefeater&lt;/li&gt;&lt;li&gt;Bell's&lt;/li&gt;&lt;li&gt;Bella&lt;/li&gt;&lt;li&gt;BiMax&lt;/li&gt;&lt;li&gt;BioCos&lt;/li&gt;&lt;li&gt;Birra Moretti&lt;/li&gt;&lt;li&gt;Bombay Sapphire&lt;/li&gt;&lt;li&gt;Bonduelle&lt;/li&gt;&lt;li&gt;Bounty&lt;/li&gt;&lt;li&gt;Bref&lt;/li&gt;&lt;li&gt;Bübchen&lt;/li&gt;&lt;li&gt;Bud&lt;/li&gt;&lt;li&gt;Calve&lt;/li&gt;&lt;li&gt;Captain Morgan&lt;/li&gt;&lt;li&gt;Carte Noire&lt;/li&gt;&lt;li&gt;Catsan&lt;/li&gt;&lt;li&gt;Cesar&lt;/li&gt;&lt;li&gt;Chivas Regal&lt;/li&gt;&lt;li&gt;Chupa Chups&lt;/li&gt;&lt;li&gt;Cif&lt;/li&gt;&lt;li&gt;CLEAR vita ABE&lt;/li&gt;&lt;li&gt;Clin&lt;/li&gt;&lt;li&gt;Coca-Cola&lt;/li&gt;&lt;li&gt;Colgate&lt;/li&gt;&lt;li&gt;Comet&lt;/li&gt;&lt;li&gt;Cookie Crisp&lt;/li&gt;&lt;li&gt;Cote d'Or&lt;/li&gt;&lt;li&gt;Danissimo&lt;/li&gt;&lt;li&gt;Danone&lt;/li&gt;&lt;li&gt;Deveron&lt;/li&gt;&lt;li&gt;Dewar’s&lt;/li&gt;&lt;li&gt;Dolmio&lt;/li&gt;&lt;li&gt;Domestos&lt;/li&gt;&lt;li&gt;Dove&lt;/li&gt;&lt;li&gt;Dove&lt;/li&gt;&lt;li&gt;DR.OETKER&lt;/li&gt;&lt;li&gt;Dreamies&lt;/li&gt;&lt;li&gt;E&lt;/li&gt;&lt;li&gt;Efes Pilsener&lt;/li&gt;&lt;li&gt;ESSA&lt;/li&gt;&lt;li&gt;Evervess&lt;/li&gt;&lt;li&gt;Fa&lt;/li&gt;&lt;li&gt;Fairy&lt;/li&gt;&lt;li&gt;Fanta&lt;/li&gt;&lt;li&gt;Fine Life&lt;/li&gt;&lt;li&gt;Fresh Step&lt;/li&gt;&lt;li&gt;Friso&lt;/li&gt;&lt;li&gt;Fruittella&lt;/li&gt;&lt;li&gt;Garnier&lt;/li&gt;&lt;li&gt;GB&lt;/li&gt;&lt;li&gt;Geisha&lt;/li&gt;&lt;li&gt;Gerber&lt;/li&gt;&lt;li&gt;Got2b&lt;/li&gt;&lt;li&gt;Grant's&lt;/li&gt;&lt;li&gt;Greenfield&lt;/li&gt;&lt;li&gt;Grey Goose&lt;/li&gt;&lt;li&gt;Grolsch&lt;/li&gt;&lt;li&gt;Guinness&lt;/li&gt;&lt;li&gt;Havana Club&lt;/li&gt;&lt;li&gt;Head &amp; Shoulders&lt;/li&gt;&lt;li&gt;Heineken&lt;/li&gt;&lt;li&gt;Heinz&lt;/li&gt;&lt;li&gt;Helen Harper&lt;/li&gt;&lt;li&gt;Hennessy V.S.O.P.&lt;/li&gt;&lt;li&gt;Hill's&lt;/li&gt;&lt;li&gt;Hochland&lt;/li&gt;&lt;li&gt;Hoegaarden&lt;/li&gt;&lt;li&gt;Holsten&lt;/li&gt;&lt;li&gt;Huggies&lt;/li&gt;&lt;li&gt;J7&lt;/li&gt;&lt;li&gt;Jacobs&lt;/li&gt;&lt;li&gt;Jameson&lt;/li&gt;&lt;li&gt;Jardin&lt;/li&gt;&lt;li&gt;Jim Beam&lt;/li&gt;&lt;li&gt;Johnnie Walker&lt;/li&gt;&lt;li&gt;Johnson’s baby&lt;/li&gt;&lt;li&gt;Juicy Fruit&lt;/li&gt;&lt;li&gt;Kahlua&lt;/li&gt;&lt;li&gt;Kilkenny&lt;/li&gt;&lt;li&gt;KINDER CHOCO-BONS&lt;/li&gt;&lt;li&gt;KINDER МОЛОЧНЫЙ ЛОМТИК&lt;/li&gt;&lt;li&gt;Kinder Сюрприз&lt;/li&gt;&lt;li&gt;KIT KAT&lt;/li&gt;&lt;li&gt;Knorr&lt;/li&gt;&lt;li&gt;Kosmostars&lt;/li&gt;&lt;li&gt;L'Oreal&lt;/li&gt;&lt;li&gt;Laska&lt;/li&gt;&lt;li&gt;Lays&lt;/li&gt;&lt;li&gt;Lenor&lt;/li&gt;&lt;li&gt;Libero&lt;/li&gt;&lt;li&gt;Libresse&lt;/li&gt;&lt;li&gt;Lindt&lt;/li&gt;&lt;li&gt;Lipton&lt;/li&gt;&lt;li&gt;Lipton Ice Tea&lt;/li&gt;&lt;li&gt;Losk&lt;/li&gt;&lt;li&gt;Lovular&lt;/li&gt;&lt;li&gt;Lowenbrau&lt;/li&gt;&lt;li&gt;MAKFA&lt;/li&gt;&lt;li&gt;Mamba&lt;/li&gt;&lt;li&gt;Maneki&lt;/li&gt;&lt;li&gt;Mars&lt;/li&gt;&lt;li&gt;Martell&lt;/li&gt;&lt;li&gt;Martini&lt;/li&gt;&lt;li&gt;Matti&lt;/li&gt;&lt;li&gt;MAXIBON&lt;/li&gt;&lt;li&gt;Me to You&lt;/li&gt;&lt;li&gt;MEGA&lt;/li&gt;&lt;li&gt;Mentos&lt;/li&gt;&lt;li&gt;Merci&lt;/li&gt;&lt;li&gt;Merries&lt;/li&gt;&lt;li&gt;Milka&lt;/li&gt;&lt;li&gt;Milky Way&lt;/li&gt;&lt;li&gt;Miller&lt;/li&gt;&lt;li&gt;Mirinda&lt;/li&gt;&lt;li&gt;Moccona&lt;/li&gt;&lt;li&gt;Monkey Shoulder&lt;/li&gt;&lt;li&gt;Moony&lt;/li&gt;&lt;li&gt;Mountain Dew&lt;/li&gt;&lt;li&gt;Mr. Proper&lt;/li&gt;&lt;li&gt;Myllyn Paras&lt;/li&gt;&lt;li&gt;NAN&lt;/li&gt;&lt;li&gt;Nescafé&lt;/li&gt;&lt;li&gt;Nesquik&lt;/li&gt;&lt;li&gt;Nestea&lt;/li&gt;&lt;li&gt;Nestle&lt;/li&gt;&lt;li&gt;Nestlé Gold&lt;/li&gt;&lt;li&gt;Nestle завтраки&lt;/li&gt;&lt;li&gt;Newcastle&lt;/li&gt;&lt;li&gt;Nordic&lt;/li&gt;&lt;li&gt;Nutella&lt;/li&gt;&lt;li&gt;Nutrilon&lt;/li&gt;&lt;li&gt;Olmeca&lt;/li&gt;&lt;li&gt;Oreo&lt;/li&gt;&lt;li&gt;Palette&lt;/li&gt;&lt;li&gt;Pamperino&lt;/li&gt;&lt;li&gt;Pampers&lt;/li&gt;&lt;li&gt;Paulaner&lt;/li&gt;&lt;li&gt;Pedigree&lt;/li&gt;&lt;li&gt;Pemolux&lt;/li&gt;&lt;li&gt;Pemos&lt;/li&gt;&lt;li&gt;Pepsi&lt;/li&gt;&lt;li&gt;Perfect Fit&lt;/li&gt;&lt;li&gt;Persil&lt;/li&gt;&lt;li&gt;Pilsner Urquell&lt;/li&gt;&lt;li&gt;President&lt;/li&gt;&lt;li&gt;Pril&lt;/li&gt;&lt;li&gt;Pringles&lt;/li&gt;&lt;li&gt;PROSTO&lt;/li&gt;&lt;li&gt;Pulpy&lt;/li&gt;&lt;li&gt;Purina Felix&lt;/li&gt;&lt;li&gt;Purina Friskies&lt;/li&gt;&lt;li&gt;Purina Gourmet&lt;/li&gt;&lt;li&gt;Purina ONE&lt;/li&gt;&lt;li&gt;Purina ProPlan&lt;/li&gt;&lt;li&gt;RAFFAELLO&lt;/li&gt;&lt;li&gt;Rexona&lt;/li&gt;&lt;li&gt;Rich&lt;/li&gt;&lt;li&gt;Richard&lt;/li&gt;&lt;li&gt;Ritter Sport&lt;/li&gt;&lt;li&gt;Schauma&lt;/li&gt;&lt;li&gt;Schwarzkopf&lt;/li&gt;&lt;li&gt;SCHWEPPES&lt;/li&gt;&lt;li&gt;Sea Shells&lt;/li&gt;&lt;li&gt;Sheba&lt;/li&gt;&lt;li&gt;Singleton&lt;/li&gt;&lt;li&gt;Snickers&lt;/li&gt;&lt;li&gt;Somat&lt;/li&gt;&lt;li&gt;Sorti&lt;/li&gt;&lt;li&gt;Spaten&lt;/li&gt;&lt;li&gt;Sprite&lt;/li&gt;&lt;li&gt;Staropramen&lt;/li&gt;&lt;li&gt;Sula&lt;/li&gt;&lt;li&gt;Syoss&lt;/li&gt;&lt;li&gt;Taft&lt;/li&gt;&lt;li&gt;Talisker&lt;/li&gt;&lt;li&gt;Tchibo&lt;/li&gt;&lt;li&gt;Tess&lt;/li&gt;&lt;li&gt;The Famous Grouse&lt;/li&gt;&lt;li&gt;The Glenlivet&lt;/li&gt;&lt;li&gt;Tide&lt;/li&gt;&lt;li&gt;Tiger&lt;/li&gt;&lt;li&gt;Timotei&lt;/li&gt;&lt;li&gt;Toffifee&lt;/li&gt;&lt;li&gt;Tuborg&lt;/li&gt;&lt;li&gt;Twix&lt;/li&gt;&lt;li&gt;Valio&lt;/li&gt;&lt;li&gt;Velkopopovicky Kozel&lt;/li&gt;&lt;li&gt;Vernel&lt;/li&gt;&lt;li&gt;Whiskas&lt;/li&gt;&lt;li&gt;White Horse&lt;/li&gt;&lt;li&gt;William Lawson’s&lt;/li&gt;&lt;li&gt;ZEWA&lt;/li&gt;&lt;li&gt;Агро-Альянс&lt;/li&gt;&lt;li&gt;Агуша&lt;/li&gt;&lt;li&gt;Аква Минерале&lt;/li&gt;&lt;li&gt;Активиа&lt;/li&gt;&lt;li&gt;Актуаль&lt;/li&gt;&lt;li&gt;Алтайская сказка&lt;/li&gt;&lt;li&gt;АТЯШЕВО&lt;/li&gt;&lt;li&gt;БАБАЕВСКИЙ&lt;/li&gt;&lt;li&gt;Балтийский&lt;/li&gt;&lt;li&gt;Балтийский берег&lt;/li&gt;&lt;li&gt;Балтика&lt;/li&gt;&lt;li&gt;Балтимор&lt;/li&gt;&lt;li&gt;Банное&lt;/li&gt;&lt;li&gt;Бархатные Ручки&lt;/li&gt;&lt;li&gt;Барьер&lt;/li&gt;&lt;li&gt;Бегемотик Бонди&lt;/li&gt;&lt;li&gt;Белебеевский&lt;/li&gt;&lt;li&gt;Белый Медведь&lt;/li&gt;&lt;li&gt;Био Баланс&lt;/li&gt;&lt;li&gt;Биолан&lt;/li&gt;&lt;li&gt;Благо&lt;/li&gt;&lt;li&gt;Бон Пари&lt;/li&gt;&lt;li&gt;Быстров&lt;/li&gt;&lt;li&gt;Васькино счастье&lt;/li&gt;&lt;li&gt;Вдохновение&lt;/li&gt;&lt;li&gt;Великолукский&lt;/li&gt;&lt;li&gt;Вечерний звон&lt;/li&gt;&lt;li&gt;Виола&lt;/li&gt;&lt;li&gt;витако&lt;/li&gt;&lt;li&gt;Воздушный&lt;/li&gt;&lt;li&gt;Вязанка&lt;/li&gt;&lt;li&gt;деревенские лакомства&lt;/li&gt;&lt;li&gt;Десертные&lt;/li&gt;&lt;li&gt;Добрый&lt;/li&gt;&lt;li&gt;Домик в деревне&lt;/li&gt;&lt;li&gt;Дракоша&lt;/li&gt;&lt;li&gt;Дубки&lt;/li&gt;&lt;li&gt;Дядя Ваня&lt;/li&gt;&lt;li&gt;Ессентуки&lt;/li&gt;&lt;li&gt;Жигулевское&lt;/li&gt;&lt;li&gt;Жокей&lt;/li&gt;&lt;li&gt;Злато&lt;/li&gt;&lt;li&gt;Золотая Бочка&lt;/li&gt;&lt;li&gt;Золотой степ&lt;/li&gt;&lt;li&gt;Имунеле&lt;/li&gt;&lt;li&gt;Инмарко&lt;/li&gt;&lt;li&gt;Какао-порошок&lt;/li&gt;&lt;li&gt;Канц&lt;/li&gt;&lt;li&gt;Клинское&lt;/li&gt;&lt;li&gt;Комильфо&lt;/li&gt;&lt;li&gt;Коммунарка&lt;/li&gt;&lt;li&gt;Коровка&lt;/li&gt;&lt;li&gt;Краковская&lt;/li&gt;&lt;li&gt;Крестьянское&lt;/li&gt;&lt;li&gt;Ламбер&lt;/li&gt;&lt;li&gt;Левушка&lt;/li&gt;&lt;li&gt;Лесной бальзам&lt;/li&gt;&lt;li&gt;Любимый&lt;/li&gt;&lt;li&gt;Любятово&lt;/li&gt;&lt;li&gt;Мажитэль&lt;/li&gt;&lt;li&gt;Малаховский&lt;/li&gt;&lt;li&gt;Маленькая фея&lt;/li&gt;&lt;li&gt;Малышам&lt;/li&gt;&lt;li&gt;Малютка&lt;/li&gt;&lt;li&gt;Мария&lt;/li&gt;&lt;li&gt;Махеев&lt;/li&gt;&lt;li&gt;Медвежонок Барни&lt;/li&gt;&lt;li&gt;Меридиан&lt;/li&gt;&lt;li&gt;Мир детства&lt;/li&gt;&lt;li&gt;&lt;a href="/kazan/offers?brand=miratorgh&amp;segment=poultry"&gt;Мираторг&lt;/a&gt;&lt;/li&gt;&lt;li&gt;Мистраль&lt;/li&gt;&lt;li&gt;Миф&lt;/li&gt;&lt;li&gt;Мишка косолапый&lt;/li&gt;&lt;li&gt;Москва&lt;/li&gt;&lt;li&gt;МОСКОВСКИЙ КАРТОФЕЛЬ&lt;/li&gt;&lt;li&gt;Моя Семья&lt;/li&gt;&lt;li&gt;Националь&lt;/li&gt;&lt;li&gt;Националь&lt;/li&gt;&lt;li&gt;Нежное суфле&lt;/li&gt;&lt;li&gt;Особый&lt;/li&gt;&lt;li&gt;Останкино&lt;/li&gt;&lt;li&gt;Охота&lt;/li&gt;&lt;li&gt;очень важный&lt;/li&gt;&lt;li&gt;Пари&lt;/li&gt;&lt;li&gt;Пекарь&lt;/li&gt;&lt;li&gt;Пелигрин&lt;/li&gt;&lt;li&gt;ПЕЧЁМ ДОМА&lt;/li&gt;&lt;li&gt;Пиканта&lt;/li&gt;&lt;li&gt;По-королевски&lt;/li&gt;&lt;li&gt;Принцесса Гита&lt;/li&gt;&lt;li&gt;Принцесса Канди&lt;/li&gt;&lt;li&gt;Принцесса Нури&lt;/li&gt;&lt;li&gt;Провансаль&lt;/li&gt;&lt;li&gt;Простоквашино&lt;/li&gt;&lt;li&gt;Птичье молоко&lt;/li&gt;&lt;li&gt;ПУДОВЪ&lt;/li&gt;&lt;li&gt;Пышка&lt;/li&gt;&lt;li&gt;Райские Облака&lt;/li&gt;&lt;li&gt;Растишка&lt;/li&gt;&lt;li&gt;Россия&lt;/li&gt;&lt;li&gt;Рот Фронт&lt;/li&gt;&lt;li&gt;Русский продукт&lt;/li&gt;&lt;li&gt;Русский рыбный мир&lt;/li&gt;&lt;li&gt;Ряба&lt;/li&gt;&lt;li&gt;Рязаночка&lt;/li&gt;&lt;li&gt;Сибирская коллекция&lt;/li&gt;&lt;li&gt;Сибирская Корона&lt;/li&gt;&lt;li&gt;Сиртаки&lt;/li&gt;&lt;li&gt;Смак&lt;/li&gt;&lt;li&gt;Солнце и Луна&lt;/li&gt;&lt;li&gt;Стародворские колбасы&lt;/li&gt;&lt;li&gt;Старый кенигсберг&lt;/li&gt;&lt;li&gt;Старый Мельник&lt;/li&gt;&lt;li&gt;Сто рецептов красоты&lt;/li&gt;&lt;li&gt;Сухогруз&lt;/li&gt;&lt;li&gt;Сыробогатов&lt;/li&gt;&lt;li&gt;Тарталетки&lt;/li&gt;&lt;li&gt;Тильзитер&lt;/li&gt;&lt;li&gt;Тонус&lt;/li&gt;&lt;li&gt;Три медведя&lt;/li&gt;&lt;li&gt;Туалетный утенок&lt;/li&gt;&lt;li&gt;ТЁМА&lt;/li&gt;&lt;li&gt;Увелка&lt;/li&gt;&lt;li&gt;Ушастый нянь&lt;/li&gt;&lt;li&gt;Фили-Бейкер&lt;/li&gt;&lt;li&gt;Фруктовый Сад&lt;/li&gt;&lt;li&gt;Фрутоняня&lt;/li&gt;&lt;li&gt;Халва глазированная&lt;/li&gt;&lt;li&gt;ХрусTeam&lt;/li&gt;&lt;li&gt;Хрутка&lt;/li&gt;&lt;li&gt;Царь&lt;/li&gt;&lt;li&gt;Черкизово&lt;/li&gt;&lt;li&gt;Черная карта&lt;/li&gt;&lt;li&gt;Черный жемчуг&lt;/li&gt;&lt;li&gt;Честное коровье&lt;/li&gt;&lt;li&gt;Чистая линия&lt;/li&gt;&lt;li&gt;Чудо&lt;/li&gt;&lt;li&gt;Чудо-Ягода&lt;/li&gt;&lt;li&gt;Шихан&lt;/li&gt;&lt;li&gt;Юбилейное&lt;/li&gt;&lt;li&gt;Я&lt;/li&gt;&lt;li&gt;Я родился&lt;/li&gt;&lt;li&gt;Я Самая&lt;/li&gt;&lt;li&gt;Яичная&lt;/li&gt;&lt;li&gt;Якобс монарх&lt;/li&gt;&lt;li&gt;Ясно солнышко&lt;/li&gt;&lt;li&gt;Яшкино&lt;/li&gt;&lt;/ul&gt; &lt;/div&gt;&lt;div&gt;&lt;h2&gt;Категории&lt;/h2&gt; &lt;ul&gt;&lt;li&gt;&lt;a href="/kazan/offers?segment=food"&gt;Продукты&lt;/a&gt;&lt;ul&gt;&lt;li&gt;&lt;a href="/kazan/offers?segment=dairy"&gt;Молочные продукты&lt;/a&gt;&lt;ul&gt;&lt;li&gt;&lt;a href="/kazan/offers?segment=milk"&gt;Молоко&lt;/a&gt;&lt;/li&gt;&lt;li&gt;&lt;a href="/kazan/offers?segment=cultured-milk-foods"&gt;Кисломолочные продукты&lt;/a&gt;&lt;/li&gt;&lt;li&gt;&lt;a href="/kazan/offers?segment=cheese"&gt;Сыр&lt;/a&gt;&lt;/li&gt;&lt;li&gt;&lt;a href="/kazan/offers?segment=cream-cheese"&gt;Сыр плавленый&lt;/a&gt;&lt;/li&gt;&lt;li&gt;&lt;a href="/kazan/offers?segment=butter-margarine-spread"&gt;Масло, маргарин, спред&lt;/a&gt;&lt;/li&gt;&lt;li&gt;&lt;a href="/kazan/offers?segment=curd"&gt;Творог&lt;/a&gt;&lt;/li&gt;&lt;li&gt;&lt;a href="/kazan/offers?segment=sour-cream"&gt;Сметана&lt;/a&gt;&lt;/li&gt;&lt;li&gt;&lt;a href="/kazan/offers?segment=cream"&gt;Сливки&lt;/a&gt;&lt;/li&gt;&lt;li&gt;&lt;a href="/kazan/offers?segment=yogurt"&gt;Йогурт&lt;/a&gt;&lt;/li&gt;&lt;li&gt;&lt;a href="/kazan/offers?segment=sweetened-cottage-cheese"&gt;Сырок&lt;/a&gt;&lt;/li&gt;&lt;li&gt;&lt;a href="/kazan/offers?segment=cottage-cheese"&gt;Творожок&lt;/a&gt;&lt;/li&gt;&lt;li&gt;&lt;a href="/kazan/offers?segment=dessert-pudding"&gt;Десерт, пудинг&lt;/a&gt;&lt;/li&gt;&lt;li&gt;&lt;a href="/kazan/offers?segment=cheese-curd"&gt;Сыр творожный&lt;/a&gt;&lt;/li&gt;&lt;li&gt;&lt;a href="/kazan/offers?segment=condenced-milk"&gt;Молоко сгущенное&lt;/a&gt;&lt;/li&gt;&lt;li&gt;&lt;a href="/kazan/offers?segment=whipped-cream"&gt;Сливки взбитые&lt;/a&gt;&lt;/li&gt;&lt;/ul&gt;&lt;/li&gt;&lt;li&gt;&lt;a href="/kazan/offers?segment=meat"&gt;Мясо&lt;/a&gt;&lt;ul&gt;&lt;li&gt;&lt;a href="/kazan/offers?segment=pork"&gt;Свинина&lt;/a&gt;&lt;/li&gt;&lt;li&gt;&lt;a href="/kazan/offers?segment=beef"&gt;Говядина&lt;/a&gt;&lt;/li&gt;&lt;li&gt;&lt;a href="/kazan/offers?segment=lamb"&gt;Баранина&lt;/a&gt;&lt;/li&gt;&lt;li&gt;&lt;a href="/kazan/offers?segment=semi-finished-meat"&gt;Полуфабрикаты из мяса&lt;/a&gt;&lt;/li&gt;&lt;li&gt;&lt;a href="/kazan/offers?segment=liver"&gt;Субпродукты из мяса&lt;/a&gt;&lt;/li&gt;&lt;/ul&gt;&lt;/li&gt;&lt;li&gt;Птица&lt;ul&gt;&lt;li&gt;&lt;a href="/kazan/offers?segment=chicken"&gt;Курица&lt;/a&gt;&lt;/li&gt;&lt;li&gt;&lt;a href="/kazan/offers?segment=chick"&gt;Цыпленок&lt;/a&gt;&lt;/li&gt;&lt;li&gt;&lt;a href="/kazan/offers?segment=turkey"&gt;Индейка&lt;/a&gt;&lt;/li&gt;&lt;li&gt;&lt;a href="/kazan/offers?segment=duck"&gt;Утка&lt;/a&gt;&lt;/li&gt;&lt;li&gt;&lt;a href="/kazan/offers?segment=semi-finished-poultry"&gt;Полуфабрикаты из птицы&lt;/a&gt;&lt;/li&gt;&lt;li&gt;&lt;a href="/kazan/offers?segment=semi-finished-duck"&gt;Субпродукты из птицы&lt;/a&gt;&lt;/li&gt;&lt;/ul&gt;&lt;/li&gt;&lt;li&gt;&lt;a href="/kazan/offers?segment=eggs"&gt;Яйцо&lt;/a&gt;&lt;ul&gt;&lt;li&gt;&lt;a href="/kazan/offers?segment=chicken-eggs"&gt;Куриное&lt;/a&gt;&lt;/li&gt;&lt;li&gt;&lt;a href="/kazan/offers?segment=quail-eggs"&gt;Перепелиное&lt;/a&gt;&lt;/li&gt;&lt;/ul&gt;&lt;/li&gt;&lt;li&gt;&lt;a href="/kazan/offers?segment=meat-products"&gt;Мясные продукты&lt;/a&gt;&lt;ul&gt;&lt;li&gt;&lt;a href="/kazan/offers?segment=sausage"&gt;Колбаса вареная&lt;/a&gt;&lt;/li&gt;&lt;li&gt;&lt;a href="/kazan/offers?segment=sausages"&gt;Сосиски&lt;/a&gt;&lt;/li&gt;&lt;li&gt;&lt;a href="/kazan/offers?segment=sausages-1"&gt;Сардельки&lt;/a&gt;&lt;/li&gt;&lt;li&gt;&lt;a href="/kazan/offers?segment=cervelat"&gt;Сервелат&lt;/a&gt;&lt;/li&gt;&lt;li&gt;&lt;a href="/kazan/offers?segment=salami"&gt;Салями&lt;/a&gt;&lt;/li&gt;&lt;li&gt;&lt;a href="/kazan/offers?segment=boiled-smoked-sausage"&gt;Колбаса варено-копченая&lt;/a&gt;&lt;/li&gt;&lt;li&gt;&lt;a href="/kazan/offers?segment=cold-smoked-sausage"&gt;Колбаса сыро-копченая&lt;/a&gt;&lt;/li&gt;&lt;li&gt;&lt;a href="/kazan/offers?segment=smoked-meat"&gt;Копчености&lt;/a&gt;&lt;/li&gt;&lt;li&gt;&lt;a href="/kazan/offers?segment=cold-boiled-pork"&gt;Буженина&lt;/a&gt;&lt;/li&gt;&lt;li&gt;&lt;a href="/kazan/offers?segment=carbonad"&gt;Карбонад&lt;/a&gt;&lt;/li&gt;&lt;li&gt;&lt;a href="/kazan/offers?segment=ham"&gt;Ветчина&lt;/a&gt;&lt;/li&gt;&lt;li&gt;&lt;a href="/kazan/offers?segment=sausages-2"&gt;Колбаски&lt;/a&gt;&lt;/li&gt;&lt;/ul&gt;&lt;/li&gt;&lt;li&gt;&lt;a href="/kazan/offers?segment=fish"&gt;Рыба&lt;/a&gt;&lt;ul&gt;&lt;li&gt;&lt;a href="/kazan/offers?segment=delicacy-fish"&gt;Деликатесная рыба&lt;/a&gt;&lt;/li&gt;&lt;li&gt;&lt;a href="/kazan/offers?segment=chilled-fish"&gt;Охлажденная рыба&lt;/a&gt;&lt;/li&gt;&lt;li&gt;&lt;a href="/kazan/offers?segment=fresh-fish"&gt;Живая рыба&lt;/a&gt;&lt;/li&gt;&lt;li&gt;&lt;a href="/kazan/offers?segment=seafood"&gt;Морепродукты&lt;/a&gt;&lt;/li&gt;&lt;li&gt;&lt;a href="/kazan/offers?segment=herring"&gt;Сельдь&lt;/a&gt;&lt;/li&gt;&lt;li&gt;&lt;a href="/kazan/offers?segment=caviar"&gt;Икра&lt;/a&gt;&lt;/li&gt;&lt;li&gt;&lt;a href="/kazan/offers?segment=smoked-fish"&gt;Копченая рыба&lt;/a&gt;&lt;/li&gt;&lt;/ul&gt;&lt;/li&gt;&lt;li&gt;&lt;a href="/kazan/offers?segment=mayonnaise-and-sauces"&gt;Майонез и соусы&lt;/a&gt;&lt;ul&gt;&lt;li&gt;&lt;a href="/kazan/offers?segment=mayonnaise"&gt;Майонез&lt;/a&gt;&lt;/li&gt;&lt;li&gt;&lt;a href="/kazan/offers?segment=ketchup"&gt;Кетчуп&lt;/a&gt;&lt;/li&gt;&lt;li&gt;&lt;a href="/kazan/offers?segment=mustard"&gt;Горчица&lt;/a&gt;&lt;/li&gt;&lt;li&gt;&lt;a href="/kazan/offers?segment=horseradish"&gt;Хрен&lt;/a&gt;&lt;/li&gt;&lt;li&gt;&lt;a href="/kazan/offers?segment=sauces"&gt;Соусы&lt;/a&gt;&lt;/li&gt;&lt;/ul&gt;&lt;/li&gt;&lt;li&gt;&lt;a href="/kazan/offers?segment=grocery"&gt;Бакалея&lt;/a&gt;&lt;ul&gt;&lt;li&gt;&lt;a href="/kazan/offers?segment=vegetable-oil"&gt;Масло растительное&lt;/a&gt;&lt;/li&gt;&lt;li&gt;&lt;a href="/kazan/offers?segment=macaroni"&gt;Макароны&lt;/a&gt;&lt;/li&gt;&lt;li&gt;&lt;a href="/kazan/offers?segment=cereals"&gt;Крупы&lt;/a&gt;&lt;/li&gt;&lt;li&gt;&lt;a href="/kazan/offers?segment=chips-snacks"&gt;Чипсы и снэки&lt;/a&gt;&lt;/li&gt;&lt;li&gt;&lt;a href="/kazan/offers?segment=nuts-seeds"&gt;Орехи и семечки&lt;/a&gt;&lt;/li&gt;&lt;li&gt;&lt;a href="/kazan/offers?segment=dried-candied-fruits"&gt;Сухофрукты и цукаты&lt;/a&gt;&lt;/li&gt;&lt;li&gt;&lt;a href="/kazan/offers?segment=honey"&gt;Мед&lt;/a&gt;&lt;/li&gt;&lt;li&gt;&lt;a href="/kazan/offers?segment=jam-syrups"&gt;Варенье и сиропы&lt;/a&gt;&lt;/li&gt;&lt;li&gt;&lt;a href="/kazan/offers?segment=salt-sugar"&gt;Соль, сахар&lt;/a&gt;&lt;/li&gt;&lt;li&gt;&lt;a href="/kazan/offers?segment=flavouring"&gt;Приправы&lt;/a&gt;&lt;/li&gt;&lt;li&gt;&lt;a href="/kazan/offers?segment=semi-finished-confectionery"&gt;Кондитерские п/ф&lt;/a&gt;&lt;/li&gt;&lt;li&gt;&lt;a href="/kazan/offers?segment=flour"&gt;Мука, смеси, компоненты для выпечки&lt;/a&gt;&lt;/li&gt;&lt;li&gt;&lt;a href="/kazan/offers?segment=dietary"&gt;Диетические продукты&lt;/a&gt;&lt;/li&gt;&lt;li&gt;&lt;a href="/kazan/offers?segment=tea"&gt;Чай&lt;/a&gt;&lt;/li&gt;&lt;li&gt;&lt;a href="/kazan/offers?segment=cocoa"&gt;Какао&lt;/a&gt;&lt;/li&gt;&lt;li&gt;&lt;a href="/kazan/offers?segment=breakfast-cereals"&gt;Сухие завтраки&lt;/a&gt;&lt;/li&gt;&lt;li&gt;&lt;a href="/kazan/offers?segment=bouillon-cubes"&gt;Бульонные кубики&lt;/a&gt;&lt;/li&gt;&lt;/ul&gt;&lt;/li&gt;&lt;li&gt;&lt;a href="/kazan/offers?segment=coffee"&gt;Кофе&lt;/a&gt;&lt;ul&gt;&lt;li&gt;&lt;a href="/kazan/offers?segment=instant-coffee"&gt;Кофе растворимый&lt;/a&gt;&lt;/li&gt;&lt;li&gt;&lt;a href="/kazan/offers?segment=beans-coffee"&gt;Кофе в зернах&lt;/a&gt;&lt;/li&gt;&lt;li&gt;&lt;a href="/kazan/offers?segment=ground-coffee"&gt;Кофе молотый&lt;/a&gt;&lt;/li&gt;&lt;li&gt;&lt;a href="/kazan/offers?segment=capsules-coffee"&gt;Кофе в капсулах&lt;/a&gt;&lt;/li&gt;&lt;/ul&gt;&lt;/li&gt;&lt;li&gt;&lt;a href="/kazan/offers?segment=sweet-stuff"&gt;Кондитерские изделия&lt;/a&gt;&lt;ul&gt;&lt;li&gt;&lt;a href="/kazan/offers?segment=candy"&gt;Конфеты&lt;/a&gt;&lt;/li&gt;&lt;li&gt;&lt;a href="/kazan/offers?segment=chocolate"&gt;Шоколад&lt;/a&gt;&lt;/li&gt;&lt;li&gt;&lt;a href="/kazan/offers?segment=waffle"&gt;Вафли&lt;/a&gt;&lt;/li&gt;&lt;li&gt;&lt;a href="/kazan/offers?segment=cakes"&gt;Торты&lt;/a&gt;&lt;/li&gt;&lt;li&gt;&lt;a href="/kazan/offers?segment=cupcakes"&gt;Кексы и рулеты&lt;/a&gt;&lt;/li&gt;&lt;li&gt;&lt;a href="/kazan/offers?segment=marmalade"&gt;Мармелад&lt;/a&gt;&lt;/li&gt;&lt;li&gt;&lt;a href="/kazan/offers?segment=marshmallow"&gt;Зефир, суфле и маршмеллоу&lt;/a&gt;&lt;/li&gt;&lt;li&gt;&lt;a href="/kazan/offers?segment=paste"&gt;Пастила&lt;/a&gt;&lt;/li&gt;&lt;li&gt;&lt;a href="/kazan/offers?segment=cakes-1"&gt;Пирожные&lt;/a&gt;&lt;/li&gt;&lt;li&gt;&lt;a href="/kazan/offers?segment=cookie"&gt;Печенье&lt;/a&gt;&lt;/li&gt;&lt;li&gt;&lt;a href="/kazan/offers?segment=gingerbread"&gt;Пряники&lt;/a&gt;&lt;/li&gt;&lt;li&gt;&lt;a href="/kazan/offers?segment=orient-delight"&gt;Восточные сладости&lt;/a&gt;&lt;/li&gt;&lt;li&gt;&lt;a href="/kazan/offers?segment=chewing-gum"&gt;Жевательная резинка&lt;/a&gt;&lt;/li&gt;&lt;li&gt;&lt;a href="/kazan/offers?segment=pastries"&gt;Сладкая выпечка&lt;/a&gt;&lt;/li&gt;&lt;li&gt;&lt;a href="/kazan/offers?segment=bagels"&gt;Баранки и сушки&lt;/a&gt;&lt;/li&gt;&lt;/ul&gt;&lt;/li&gt;&lt;li&gt;&lt;a href="/kazan/offers?segment=fruits-vegetables"&gt;Фрукты, овощи&lt;/a&gt;&lt;ul&gt;&lt;li&gt;&lt;a href="/kazan/offers?segment=fresh-fruits"&gt;Фрукты свежие&lt;/a&gt;&lt;/li&gt;&lt;li&gt;&lt;a href="/kazan/offers?segment=vegetables"&gt;Овощи&lt;/a&gt;&lt;/li&gt;&lt;li&gt;&lt;a href="/kazan/offers?segment=fresh-parsley"&gt;Зелень&lt;/a&gt;&lt;/li&gt;&lt;li&gt;&lt;a href="/kazan/offers?segment=pickles"&gt;Соленья&lt;/a&gt;&lt;/li&gt;&lt;li&gt;&lt;a href="/kazan/offers?segment=green-salads"&gt;Зелёные салаты&lt;/a&gt;&lt;/li&gt;&lt;li&gt;&lt;a href="/kazan/offers?segment=mushrooms"&gt;Грибы свежие&lt;/a&gt;&lt;/li&gt;&lt;li&gt;&lt;a href="/kazan/offers?segment=fresh-berries"&gt;Ягоды свежие&lt;/a&gt;&lt;/li&gt;&lt;/ul&gt;&lt;/li&gt;&lt;li&gt;&lt;a href="/kazan/offers?segment=bread"&gt;Хлеб&lt;/a&gt;&lt;ul&gt;&lt;li&gt;&lt;a href="/kazan/offers?segment=loaf"&gt;Батон&lt;/a&gt;&lt;/li&gt;&lt;li&gt;&lt;a href="/kazan/offers?segment=wheat-bread"&gt;Пшеничный хлеб&lt;/a&gt;&lt;/li&gt;&lt;li&gt;&lt;a href="/kazan/offers?segment=rye-bread"&gt;Ржаной хлеб&lt;/a&gt;&lt;/li&gt;&lt;li&gt;&lt;a href="/kazan/offers?segment=grain-bread"&gt;Зерновой хлеб&lt;/a&gt;&lt;/li&gt;&lt;li&gt;&lt;a href="/kazan/offers?segment=crispbread"&gt;Хлебцы хрустящие&lt;/a&gt;&lt;/li&gt;&lt;li&gt;&lt;a href="/kazan/offers?segment=pshienichno_rzhanoi"&gt;Пшенично-ржаной&lt;/a&gt;&lt;/li&gt;&lt;/ul&gt;&lt;/li&gt;&lt;li&gt;&lt;a href="/kazan/offers?segment=frozen-food"&gt;Замороженные продукты&lt;/a&gt;&lt;ul&gt;&lt;li&gt;&lt;a href="/kazan/offers?segment=frozen-dish"&gt;Готовые замороженные блюда&lt;/a&gt;&lt;/li&gt;&lt;li&gt;&lt;a href="/kazan/offers?segment=frozen-vegetables"&gt;Замороженные овощи&lt;/a&gt;&lt;/li&gt;&lt;li&gt;&lt;a href="/kazan/offers?segment=frozen-fruits-berries"&gt;Замороженные фрукты и ягоды&lt;/a&gt;&lt;/li&gt;&lt;li&gt;&lt;a href="/kazan/offers?segment=frozen-fish"&gt;Замороженная рыба&lt;/a&gt;&lt;/li&gt;&lt;li&gt;&lt;a href="/kazan/offers?segment=frozen-meat"&gt;Замороженное мясо&lt;/a&gt;&lt;/li&gt;&lt;li&gt;&lt;a href="/kazan/offers?segment=frozen-poultry"&gt;Замороженная птица&lt;/a&gt;&lt;/li&gt;&lt;li&gt;&lt;a href="/kazan/offers?segment=frozen-seafood"&gt;Замороженные морепродукты&lt;/a&gt;&lt;/li&gt;&lt;li&gt;&lt;a href="/kazan/offers?segment=ice-cream"&gt;Мороженое&lt;/a&gt;&lt;/li&gt;&lt;li&gt;&lt;a href="/kazan/offers?segment=frozen-dessert"&gt;Сладкое&lt;/a&gt;&lt;/li&gt;&lt;li&gt;&lt;a href="/kazan/offers?segment=frozen-semifinished-products"&gt;Замороженные полуфабрикаты&lt;/a&gt;&lt;/li&gt;&lt;li&gt;&lt;a href="/kazan/offers?segment=pelmeni"&gt;Пельмени&lt;/a&gt;&lt;/li&gt;&lt;li&gt;&lt;a href="/kazan/offers?segment=vareniki"&gt;Вареники&lt;/a&gt;&lt;/li&gt;&lt;li&gt;&lt;a href="/kazan/offers?segment=frozen-mushrooms"&gt;Замороженные грибы&lt;/a&gt;&lt;/li&gt;&lt;li&gt;&lt;a href="/kazan/offers?segment=frozen-dough"&gt;Тесто замороженное&lt;/a&gt;&lt;/li&gt;&lt;/ul&gt;&lt;/li&gt;&lt;li&gt;&lt;a href="/kazan/offers?segment=canned-goods"&gt;Консервы&lt;/a&gt;&lt;ul&gt;&lt;li&gt;&lt;a href="/kazan/offers?segment=canned-meat"&gt;Мясные консервы&lt;/a&gt;&lt;/li&gt;&lt;li&gt;&lt;a href="/kazan/offers?segment=canned-fish"&gt;Рыбные консервы&lt;/a&gt;&lt;/li&gt;&lt;li&gt;&lt;a href="/kazan/offers?segment=canned-vegetables"&gt;Овощные консервы&lt;/a&gt;&lt;/li&gt;&lt;li&gt;&lt;a href="/kazan/offers?segment=canned-mushrooms"&gt;Грибные консервы&lt;/a&gt;&lt;/li&gt;&lt;li&gt;&lt;a href="/kazan/offers?segment=canned-fruits"&gt;Фруктовые консервы&lt;/a&gt;&lt;/li&gt;&lt;li&gt;&lt;a href="/kazan/offers?segment=%D1%81anned-food"&gt;Готовые блюда (консервы)&lt;/a&gt;&lt;/li&gt;&lt;/ul&gt;&lt;/li&gt;&lt;li&gt;&lt;a href="/kazan/offers?segment=cookery"&gt;Кулинария&lt;/a&gt;&lt;ul&gt;&lt;li&gt;&lt;a href="/kazan/offers?segment=salads"&gt;Готовые салаты&lt;/a&gt;&lt;/li&gt;&lt;li&gt;&lt;a href="/kazan/offers?segment=hot-dishes"&gt;Горячие блюда&lt;/a&gt;&lt;/li&gt;&lt;li&gt;&lt;a href="/kazan/offers?segment=snacks"&gt;Закуски&lt;/a&gt;&lt;/li&gt;&lt;/ul&gt;&lt;/li&gt;&lt;li&gt;&lt;a href="/kazan/offers?segment=beverages"&gt;Напитки&lt;/a&gt;&lt;ul&gt;&lt;li&gt;&lt;a href="/kazan/offers?segment=juices"&gt;Соки, нектары и сокосодержащие напитки&lt;/a&gt;&lt;/li&gt;&lt;li&gt;&lt;a href="/kazan/offers?segment=sparkling-water"&gt;Газированная вода&lt;/a&gt;&lt;/li&gt;&lt;li&gt;&lt;a href="/kazan/offers?segment=mors-compote-kissel"&gt;Морс, компот, кисель&lt;/a&gt;&lt;/li&gt;&lt;li&gt;&lt;a href="/kazan/offers?segment=kvass"&gt;Квас&lt;/a&gt;&lt;/li&gt;&lt;li&gt;&lt;a href="/kazan/offers?segment=cold-tea"&gt;Холодный чай&lt;/a&gt;&lt;/li&gt;&lt;li&gt;&lt;a href="/kazan/offers?segment=water"&gt;Вода&lt;/a&gt;&lt;/li&gt;&lt;/ul&gt;&lt;/li&gt;&lt;/ul&gt;&lt;/li&gt;&lt;li&gt;&lt;a href="/kazan/offers?segment=alcohol"&gt;Алкоголь&lt;/a&gt;&lt;ul&gt;&lt;li&gt;&lt;a href="/kazan/offers?segment=beer-cider"&gt;Пиво и сидр&lt;/a&gt;&lt;ul&gt;&lt;li&gt;&lt;a href="/kazan/offers?segment=lager-beer"&gt;Светлое пиво&lt;/a&gt;&lt;/li&gt;&lt;li&gt;&lt;a href="/kazan/offers?segment=dark-beer"&gt;Темное пиво&lt;/a&gt;&lt;/li&gt;&lt;li&gt;&lt;a href="/kazan/offers?segment=cider"&gt;Сидр&lt;/a&gt;&lt;/li&gt;&lt;/ul&gt;&lt;/li&gt;&lt;li&gt;&lt;a href="/kazan/offers?segment=wine"&gt;Вино&lt;/a&gt;&lt;ul&gt;&lt;li&gt;&lt;a href="/kazan/offers?segment=red-wine"&gt;Красное&lt;/a&gt;&lt;/li&gt;&lt;li&gt;&lt;a href="/kazan/offers?segment=white-wine"&gt;Белое&lt;/a&gt;&lt;/li&gt;&lt;li&gt;&lt;a href="/kazan/offers?segment=rose-wine"&gt;Розовое&lt;/a&gt;&lt;/li&gt;&lt;li&gt;&lt;a href="/kazan/offers?segment=champagne"&gt;Игристое и шампанское&lt;/a&gt;&lt;/li&gt;&lt;li&gt;&lt;a href="/kazan/offers?segment=porto"&gt;Крепленные вина&lt;/a&gt;&lt;/li&gt;&lt;li&gt;&lt;a href="/kazan/offers?segment=fruit-wine"&gt;Плодовые вина&lt;/a&gt;&lt;/li&gt;&lt;/ul&gt;&lt;/li&gt;&lt;li&gt;&lt;a href="/kazan/offers?segment=vermouth"&gt;Вермут&lt;/a&gt;&lt;/li&gt;&lt;li&gt;&lt;a href="/kazan/offers?segment=vodka"&gt;Водка&lt;/a&gt;&lt;/li&gt;&lt;li&gt;&lt;a href="/kazan/offers?segment=whiskey"&gt;Виски&lt;/a&gt;&lt;/li&gt;&lt;li&gt;&lt;a href="/kazan/offers?segment=cognac-brandy"&gt;Коньяк и бренди&lt;/a&gt;&lt;ul&gt;&lt;li&gt;&lt;a href="/kazan/offers?segment=cognac"&gt;Коньяк&lt;/a&gt;&lt;/li&gt;&lt;li&gt;&lt;a href="/kazan/offers?segment=brandy"&gt;Бренди&lt;/a&gt;&lt;/li&gt;&lt;/ul&gt;&lt;/li&gt;&lt;li&gt;&lt;a href="/kazan/offers?segment=other-alcohols"&gt;Другой алкоголь&lt;/a&gt;&lt;ul&gt;&lt;li&gt;&lt;a href="/kazan/offers?segment=tequila"&gt;Текила&lt;/a&gt;&lt;/li&gt;&lt;li&gt;&lt;a href="/kazan/offers?segment=liqueur"&gt;Ликёр&lt;/a&gt;&lt;/li&gt;&lt;li&gt;&lt;a href="/kazan/offers?segment=balsam"&gt;Бальзам&lt;/a&gt;&lt;/li&gt;&lt;li&gt;&lt;a href="/kazan/offers?segment=tincture"&gt;Настойка&lt;/a&gt;&lt;/li&gt;&lt;/ul&gt;&lt;/li&gt;&lt;/ul&gt;&lt;/li&gt;&lt;li&gt;&lt;a href="/kazan/offers?segment=home-stuff"&gt;Для дома&lt;/a&gt;&lt;ul&gt;&lt;li&gt;&lt;a href="/kazan/offers?segment=washing"&gt;Средства для стирки&lt;/a&gt;&lt;ul&gt;&lt;li&gt;&lt;a href="/kazan/offers?segment=washing-powder"&gt;Стиральный порошок&lt;/a&gt;&lt;/li&gt;&lt;li&gt;&lt;a href="/kazan/offers?segment=washing-liquid"&gt;Жидкое средство для стирки&lt;/a&gt;&lt;/li&gt;&lt;li&gt;&lt;a href="/kazan/offers?segment=bleach"&gt;Отбеливатель&lt;/a&gt;&lt;/li&gt;&lt;li&gt;&lt;a href="/kazan/offers?segment=conditioner"&gt;Ополаскиватель для белья&lt;/a&gt;&lt;/li&gt;&lt;li&gt;&lt;a href="/kazan/offers?segment=stain-remover"&gt;Пятновыводитель&lt;/a&gt;&lt;/li&gt;&lt;/ul&gt;&lt;/li&gt;&lt;li&gt;&lt;a href="/kazan/offers?segment=dishwasher"&gt;Средства для посудомойки&lt;/a&gt;&lt;ul&gt;&lt;li&gt;&lt;a href="/kazan/offers?segment=tablietki_i_kapsuly_dlia_posudomoiki"&gt;Таблетки и капсулы для посудомойки&lt;/a&gt;&lt;/li&gt;&lt;li&gt;&lt;a href="/kazan/offers?segment=zhidkoie_sriedstvo_dlia_posudomoiki"&gt;Жидкое средство для посудомойки&lt;/a&gt;&lt;/li&gt;&lt;li&gt;&lt;a href="/kazan/offers?segment=poroshok_dlia_posudomoiki"&gt;Порошок для посудомойки&lt;/a&gt;&lt;/li&gt;&lt;li&gt;&lt;a href="/kazan/offers?segment=opolaskivatiel_dlia_posudomoiki"&gt;Ополаскиватель для посудомойки&lt;/a&gt;&lt;/li&gt;&lt;li&gt;&lt;a href="/kazan/offers?segment=sol_dlia_posudomoiki"&gt;Соль для посудомойки&lt;/a&gt;&lt;/li&gt;&lt;/ul&gt;&lt;/li&gt;&lt;li&gt;&lt;a href="/kazan/offers?segment=uborka_i_chistota"&gt;Уборка и чистота&lt;/a&gt;&lt;ul&gt;&lt;li&gt;&lt;a href="/kazan/offers?segment=chistiashchiie_sriedstva"&gt;Чистящие средства&lt;/a&gt;&lt;/li&gt;&lt;li&gt;&lt;a href="/kazan/offers?segment=sriedstva_dlia_myt_ia_posudy"&gt;Средства для мытья посуды&lt;/a&gt;&lt;/li&gt;&lt;li&gt;&lt;a href="/kazan/offers?segment=osviezhitieli_vozdukha"&gt;Освежители воздуха&lt;/a&gt;&lt;/li&gt;&lt;li&gt;&lt;a href="/kazan/offers?segment=invientar_dlia_uborki"&gt;Инвентарь для уборки&lt;/a&gt;&lt;/li&gt;&lt;/ul&gt;&lt;/li&gt;&lt;li&gt;&lt;a href="/kazan/offers?segment=tovary_dlia_doma"&gt;Товары для дома&lt;/a&gt;&lt;ul&gt;&lt;li&gt;&lt;a href="/kazan/offers?segment=furniture"&gt;Мебель&lt;/a&gt;&lt;/li&gt;&lt;li&gt;&lt;a href="/kazan/offers?segment=domashnii_tiekstil"&gt;Домашний текстиль&lt;/a&gt;&lt;/li&gt;&lt;li&gt;&lt;a href="/kazan/offers?segment=diekor_intier_iera"&gt;Декор интерьера&lt;/a&gt;&lt;/li&gt;&lt;li&gt;&lt;a href="/kazan/offers?segment=khranieniie_vieshchiei"&gt;Хранение вещей&lt;/a&gt;&lt;/li&gt;&lt;li&gt;&lt;a href="/kazan/offers?segment=khoziaistviennyie_tovary"&gt;Хозяйственные товары&lt;/a&gt;&lt;/li&gt;&lt;/ul&gt;&lt;/li&gt;&lt;li&gt;&lt;a href="/kazan/offers?segment=posuda_i_prinadliezhnosti"&gt;Посуда и принадлежности&lt;/a&gt;&lt;ul&gt;&lt;li&gt;&lt;a href="/kazan/offers?segment=posuda_dlia_siervirovki_stola"&gt;Посуда для сервировки стола&lt;/a&gt;&lt;/li&gt;&lt;li&gt;&lt;a href="/kazan/offers?segment=posuda_dlia_prighotovlieniia_pishchi"&gt;Посуда для приготовления пищи&lt;/a&gt;&lt;/li&gt;&lt;li&gt;&lt;a href="/kazan/offers?segment=odnorazovaia_posuda"&gt;Одноразовая посуда&lt;/a&gt;&lt;/li&gt;&lt;li&gt;&lt;a href="/kazan/offers?segment=kukhonnyie_prinadliezhnosti"&gt;Кухонные принадлежности&lt;/a&gt;&lt;/li&gt;&lt;li&gt;&lt;a href="/kazan/offers?segment=khranieniie_produktov"&gt;Хранение продуктов&lt;/a&gt;&lt;/li&gt;&lt;/ul&gt;&lt;/li&gt;&lt;li&gt;&lt;a href="/kazan/offers?segment=tvorchiestvo_khobbi_razvliechieniia"&gt;Творчество, хобби, развлечения&lt;/a&gt;&lt;ul&gt;&lt;li&gt;&lt;a href="/kazan/offers?segment=tovary_dlia_tvorchiestva"&gt;Товары для творчества&lt;/a&gt;&lt;/li&gt;&lt;/ul&gt;&lt;/li&gt;&lt;li&gt;&lt;a href="/kazan/offers?segment=garden"&gt;Сад и огород&lt;/a&gt;&lt;ul&gt;&lt;li&gt;&lt;a href="/kazan/offers?segment=garden-tools"&gt;Садовый инвентарь&lt;/a&gt;&lt;/li&gt;&lt;li&gt;&lt;a href="/kazan/offers?segment=plants"&gt;Растения&lt;/a&gt;&lt;/li&gt;&lt;li&gt;&lt;a href="/kazan/offers?segment=ground"&gt;Грунт&lt;/a&gt;&lt;/li&gt;&lt;li&gt;&lt;a href="/kazan/offers?segment=garden-stuff"&gt;Аксессуары для сада&lt;/a&gt;&lt;/li&gt;&lt;/ul&gt;&lt;/li&gt;&lt;li&gt;&lt;a href="/kazan/offers?segment=car"&gt;Для автомобилиста&lt;/a&gt;&lt;ul&gt;&lt;li&gt;&lt;a href="/kazan/offers?segment=wiper"&gt;Стеклоочиститель&lt;/a&gt;&lt;/li&gt;&lt;li&gt;&lt;a href="/kazan/offers?segment=car-cosmetics"&gt;Автокосметика&lt;/a&gt;&lt;/li&gt;&lt;li&gt;&lt;a href="/kazan/offers?segment=car-accessories"&gt;Автопринадлежности&lt;/a&gt;&lt;/li&gt;&lt;/ul&gt;&lt;/li&gt;&lt;/ul&gt;&lt;/li&gt;&lt;li&gt;&lt;a href="/kazan/offers?segment=cosmetics-hygiene"&gt;Косметика и гигиена&lt;/a&gt;&lt;ul&gt;&lt;li&gt;&lt;a href="/kazan/offers?segment=bumazhnyie_i_vatnyie_izdieliia"&gt;Бумажные и ватные изделия&lt;/a&gt;&lt;ul&gt;&lt;li&gt;&lt;a href="/kazan/offers?segment=toilet-paper"&gt;Туалетная бумага&lt;/a&gt;&lt;/li&gt;&lt;li&gt;&lt;a href="/kazan/offers?segment=bumazhnyie_polotientsa_i_salfietki"&gt;Бумажные полотенца и салфетки&lt;/a&gt;&lt;/li&gt;&lt;li&gt;&lt;a href="/kazan/offers?segment=vatnyie_diski_i_palochki"&gt;Ватные диски и палочки&lt;/a&gt;&lt;/li&gt;&lt;/ul&gt;&lt;/li&gt;&lt;li&gt;&lt;a href="/kazan/offers?segment=soap"&gt;Мыло&lt;/a&gt;&lt;ul&gt;&lt;li&gt;&lt;a href="/kazan/offers?segment=solid-soap"&gt;Твердое мыло&lt;/a&gt;&lt;/li&gt;&lt;li&gt;&lt;a href="/kazan/offers?segment=liquid-soap"&gt;Жидкое мыло&lt;/a&gt;&lt;/li&gt;&lt;/ul&gt;&lt;/li&gt;&lt;li&gt;&lt;a href="/kazan/offers?segment=oral-care"&gt;Уход за полостью рта&lt;/a&gt;&lt;ul&gt;&lt;li&gt;&lt;a href="/kazan/offers?segment=toothpaste"&gt;Зубная паста&lt;/a&gt;&lt;/li&gt;&lt;li&gt;&lt;a href="/kazan/offers?segment=rinser-for-mouth"&gt;Ополаскиватель для рта&lt;/a&gt;&lt;/li&gt;&lt;li&gt;&lt;a href="/kazan/offers?segment=toothbrush"&gt;Зубная щётка&lt;/a&gt;&lt;/li&gt;&lt;/ul&gt;&lt;/li&gt;&lt;li&gt;&lt;a href="/kazan/offers?segment=hair-care"&gt;Уход за волосами&lt;/a&gt;&lt;ul&gt;&lt;li&gt;&lt;a href="/kazan/offers?segment=shampoo"&gt;Шампунь&lt;/a&gt;&lt;/li&gt;&lt;li&gt;&lt;a href="/kazan/offers?segment=hair-balm"&gt;Бальзам для волос&lt;/a&gt;&lt;/li&gt;&lt;li&gt;&lt;a href="/kazan/offers?segment=hair-mask"&gt;Маска для волос&lt;/a&gt;&lt;/li&gt;&lt;li&gt;&lt;a href="/kazan/offers?segment=hair-dye"&gt;Краска для волос&lt;/a&gt;&lt;/li&gt;&lt;/ul&gt;&lt;/li&gt;&lt;li&gt;&lt;a href="/kazan/offers?segment=cosmetics-for-men"&gt;Косметика для мужчин&lt;/a&gt;&lt;ul&gt;&lt;li&gt;&lt;a href="/kazan/offers?segment=mens-shampoos-and-gels"&gt;Мужские шампуни и гели&lt;/a&gt;&lt;/li&gt;&lt;li&gt;&lt;a href="/kazan/offers?segment=for-shaving"&gt;Средства для бритья&lt;/a&gt;&lt;/li&gt;&lt;li&gt;&lt;a href="/kazan/offers?segment=mens-deodorants"&gt;Мужские дезодоранты&lt;/a&gt;&lt;/li&gt;&lt;/ul&gt;&lt;/li&gt;&lt;li&gt;&lt;a href="/kazan/offers?segment=makeup"&gt;Декоративная Косметика&lt;/a&gt;&lt;ul&gt;&lt;li&gt;&lt;a href="/kazan/offers?segment=makeup-for-eyes"&gt;Для глаз&lt;/a&gt;&lt;/li&gt;&lt;li&gt;&lt;a href="/kazan/offers?segment=makeup-for-lips"&gt;Для губ&lt;/a&gt;&lt;/li&gt;&lt;li&gt;&lt;a href="/kazan/offers?segment=face"&gt;Декоративная косметика для лица&lt;/a&gt;&lt;/li&gt;&lt;li&gt;&lt;a href="/kazan/offers?segment=nails"&gt;Для ногтей&lt;/a&gt;&lt;/li&gt;&lt;/ul&gt;&lt;/li&gt;&lt;li&gt;&lt;a href="/kazan/offers?segment=care-cosmetics"&gt;Косметика для ухода&lt;/a&gt;&lt;ul&gt;&lt;li&gt;&lt;a href="/kazan/offers?segment=sriedstva_dlia_diepiliatsii"&gt;Средства для депиляции&lt;/a&gt;&lt;/li&gt;&lt;li&gt;&lt;a href="/kazan/offers?segment=face-care"&gt;Уходовая косметика для лица&lt;/a&gt;&lt;/li&gt;&lt;li&gt;&lt;a href="/kazan/offers?segment=body"&gt;Для тела&lt;/a&gt;&lt;/li&gt;&lt;li&gt;&lt;a href="/kazan/offers?segment=legs"&gt;Для ног&lt;/a&gt;&lt;/li&gt;&lt;li&gt;&lt;a href="/kazan/offers?segment=hands"&gt;Для рук&lt;/a&gt;&lt;/li&gt;&lt;/ul&gt;&lt;/li&gt;&lt;li&gt;&lt;a href="/kazan/offers?segment=perfumery"&gt;Парфюмерия&lt;/a&gt;&lt;ul&gt;&lt;li&gt;&lt;a href="/kazan/offers?segment=womans-perfumery"&gt;Женская парфюмерия&lt;/a&gt;&lt;/li&gt;&lt;li&gt;&lt;a href="/kazan/offers?segment=mens-perfumery"&gt;Мужская парфюмерия&lt;/a&gt;&lt;/li&gt;&lt;/ul&gt;&lt;/li&gt;&lt;li&gt;&lt;a href="/kazan/offers?segment=jewellery"&gt;Бижутерия и аксессуары&lt;/a&gt;&lt;ul&gt;&lt;li&gt;&lt;a href="/kazan/offers?segment=jewellery-woman"&gt;Бижутерия и аксессуары для женщин&lt;/a&gt;&lt;/li&gt;&lt;li&gt;&lt;a href="/kazan/offers?segment=jewellery-kids"&gt;Бижутерия и аксессуары для детей&lt;/a&gt;&lt;/li&gt;&lt;/ul&gt;&lt;/li&gt;&lt;li&gt;&lt;a href="/kazan/offers?segment=hygienic-accessories"&gt;Гигиенические принадлежности&lt;/a&gt;&lt;ul&gt;&lt;li&gt;&lt;a href="/kazan/offers?segment=tampons"&gt;Тампоны&lt;/a&gt;&lt;/li&gt;&lt;li&gt;&lt;a href="/kazan/offers?segment=sanitary-pads"&gt;Прокладки&lt;/a&gt;&lt;/li&gt;&lt;li&gt;&lt;a href="/kazan/offers?segment=regular-dailies"&gt;Прокладки ежедневные&lt;/a&gt;&lt;/li&gt;&lt;/ul&gt;&lt;/li&gt;&lt;/ul&gt;&lt;/li&gt;&lt;li&gt;&lt;a href="/kazan/offers?segment=for-kids"&gt;Для детей&lt;/a&gt;&lt;ul&gt;&lt;li&gt;&lt;a href="/kazan/offers?segment=baby-food"&gt;Детское питание&lt;/a&gt;&lt;ul&gt;&lt;li&gt;&lt;a href="/kazan/offers?segment=baby-food-mixes"&gt;Сухие смеси&lt;/a&gt;&lt;/li&gt;&lt;li&gt;&lt;a href="/kazan/offers?segment=baby-food-milk"&gt;Молочное&lt;/a&gt;&lt;/li&gt;&lt;li&gt;&lt;a href="/kazan/offers?segment=baby-food-cultured-milk"&gt;Кисломолочное&lt;/a&gt;&lt;/li&gt;&lt;li&gt;&lt;a href="/kazan/offers?segment=baby-food-meat-puree"&gt;Пюре мясные&lt;/a&gt;&lt;/li&gt;&lt;li&gt;&lt;a href="/kazan/offers?segment=baby-food-vegetable-puree"&gt;Пюре овощные&lt;/a&gt;&lt;/li&gt;&lt;li&gt;&lt;a href="/kazan/offers?segment=baby-food-fruit-puree"&gt;Пюре фруктовые&lt;/a&gt;&lt;/li&gt;&lt;li&gt;&lt;a href="/kazan/offers?segment=baby-food-cookies"&gt;Детское печенье&lt;/a&gt;&lt;/li&gt;&lt;li&gt;&lt;a href="/kazan/offers?segment=baby-food-juices"&gt;Детские соки, морсы, компоты&lt;/a&gt;&lt;/li&gt;&lt;li&gt;&lt;a href="/kazan/offers?segment=baby-food-porridge"&gt;Каши&lt;/a&gt;&lt;/li&gt;&lt;li&gt;&lt;a href="/kazan/offers?segment=baby-food-grocery"&gt;Детская бакалея&lt;/a&gt;&lt;/li&gt;&lt;/ul&gt;&lt;/li&gt;&lt;li&gt;&lt;a href="/kazan/offers?segment=diapers-nappies-napkins"&gt;Подгузники, пеленки, салфетки&lt;/a&gt;&lt;ul&gt;&lt;li&gt;&lt;a href="/kazan/offers?segment=diapers"&gt;Подгузники&lt;/a&gt;&lt;/li&gt;&lt;li&gt;&lt;a href="/kazan/offers?segment=panties-diapers"&gt;Трусики-подгузники&lt;/a&gt;&lt;/li&gt;&lt;li&gt;&lt;a href="/kazan/offers?segment=absorbing-diapers"&gt;Впитывающие пеленки&lt;/a&gt;&lt;/li&gt;&lt;li&gt;&lt;a href="/kazan/offers?segment=wet-wipes"&gt;Влажные салфетки&lt;/a&gt;&lt;/li&gt;&lt;/ul&gt;&lt;/li&gt;&lt;li&gt;&lt;a href="/kazan/offers?segment=tovary_dlia_mladientsiev"&gt;Товары для младенцев&lt;/a&gt;&lt;ul&gt;&lt;li&gt;&lt;a href="/kazan/offers?segment=pustyshki"&gt;Пустышки&lt;/a&gt;&lt;/li&gt;&lt;li&gt;&lt;a href="/kazan/offers?segment=butylochki"&gt;Бутылочки&lt;/a&gt;&lt;/li&gt;&lt;li&gt;&lt;a href="/kazan/offers?segment=posuda"&gt;Детская посуда&lt;/a&gt;&lt;/li&gt;&lt;li&gt;&lt;a href="/kazan/offers?segment=sriedstva_dlia_kupaniia_mladientsiev"&gt;Средства для купания младенцев&lt;/a&gt;&lt;/li&gt;&lt;/ul&gt;&lt;/li&gt;&lt;li&gt;&lt;a href="/kazan/offers?segment=dietskii_transport"&gt;Детский транспорт&lt;/a&gt;&lt;ul&gt;&lt;li&gt;&lt;a href="/kazan/offers?segment=koliaski_proghulochnyie"&gt;Коляски прогулочные&lt;/a&gt;&lt;/li&gt;&lt;li&gt;&lt;a href="/kazan/offers?segment=avtokriesla_i_bustiery"&gt;Автокресла и бустеры&lt;/a&gt;&lt;/li&gt;&lt;/ul&gt;&lt;/li&gt;&lt;li&gt;&lt;a href="/kazan/offers?segment=toys"&gt;Игрушки&lt;/a&gt;&lt;ul&gt;&lt;li&gt;&lt;a href="/kazan/offers?segment=toys-for-babies"&gt;Игрушки для младенцев&lt;/a&gt;&lt;/li&gt;&lt;li&gt;&lt;a href="/kazan/offers?segment=soft-toys"&gt;Игрушки мягкие&lt;/a&gt;&lt;/li&gt;&lt;li&gt;&lt;a href="/kazan/offers?segment=toy-sets"&gt;Игровые наборы&lt;/a&gt;&lt;/li&gt;&lt;li&gt;&lt;a href="/kazan/offers?segment=board-games"&gt;Игры настольные&lt;/a&gt;&lt;/li&gt;&lt;li&gt;&lt;a href="/kazan/offers?segment=dolls"&gt;Куклы&lt;/a&gt;&lt;/li&gt;&lt;li&gt;&lt;a href="/kazan/offers?segment=cars"&gt;Машины&lt;/a&gt;&lt;/li&gt;&lt;li&gt;&lt;a href="/kazan/offers?segment=nabory_dlia_tvorchiestva"&gt;Наборы для творчества&lt;/a&gt;&lt;/li&gt;&lt;/ul&gt;&lt;/li&gt;&lt;li&gt;&lt;a href="/kazan/offers?segment=dlia_mamy"&gt;Для мамы&lt;/a&gt;&lt;ul&gt;&lt;li&gt;&lt;a href="/kazan/offers?segment=gighiiena_poslie_rodov"&gt;Гигиена после родов&lt;/a&gt;&lt;/li&gt;&lt;/ul&gt;&lt;/li&gt;&lt;li&gt;&lt;a href="/kazan/offers?segment=dietskaia_komnata"&gt;Детская комната&lt;/a&gt;&lt;ul&gt;&lt;li&gt;&lt;a href="/kazan/offers?segment=dietskaia_miebiel"&gt;Детская мебель&lt;/a&gt;&lt;/li&gt;&lt;li&gt;&lt;a href="/kazan/offers?segment=maniezhi"&gt;Манежи&lt;/a&gt;&lt;/li&gt;&lt;li&gt;&lt;a href="/kazan/offers?segment=swing"&gt;Качели&lt;/a&gt;&lt;/li&gt;&lt;li&gt;&lt;a href="/kazan/offers?segment=tiekstil_diekor"&gt;Текстиль, декор&lt;/a&gt;&lt;/li&gt;&lt;/ul&gt;&lt;/li&gt;&lt;li&gt;&lt;a href="/kazan/offers?segment=dietskaia_kosmietika"&gt;Детская косметика&lt;/a&gt;&lt;ul&gt;&lt;li&gt;&lt;a href="/kazan/offers?segment=childrens-shampoo"&gt;Шампунь для детей&lt;/a&gt;&lt;/li&gt;&lt;li&gt;&lt;a href="/kazan/offers?segment=sriedstva_dlia_kupaniia"&gt;Средства для купания&lt;/a&gt;&lt;/li&gt;&lt;li&gt;&lt;a href="/kazan/offers?segment=kriem_i_maslo"&gt;Крем и масло&lt;/a&gt;&lt;/li&gt;&lt;/ul&gt;&lt;/li&gt;&lt;/ul&gt;&lt;/li&gt;&lt;li&gt;&lt;a href="/kazan/offers?segment=pet-supplies"&gt;Зоотовары&lt;/a&gt;&lt;ul&gt;&lt;li&gt;&lt;a href="/kazan/offers?segment=cats"&gt;Для кошек&lt;/a&gt;&lt;/li&gt;&lt;li&gt;&lt;a href="/kazan/offers?segment=dogs"&gt;Для собак&lt;/a&gt;&lt;/li&gt;&lt;li&gt;&lt;a href="/kazan/offers?segment=rodents"&gt;Для грызунов&lt;/a&gt;&lt;/li&gt;&lt;li&gt;&lt;a href="/kazan/offers?segment=aquarium-fishes"&gt;Для рыб&lt;/a&gt;&lt;/li&gt;&lt;/ul&gt;&lt;/li&gt;&lt;li&gt;&lt;a href="/kazan/offers?segment=clothes-footwear"&gt;Одежда и обувь&lt;/a&gt;&lt;ul&gt;&lt;li&gt;&lt;a href="/kazan/offers?segment=mens-clothing"&gt;Мужская одежда&lt;/a&gt;&lt;ul&gt;&lt;li&gt;&lt;a href="/kazan/offers?segment=mens-outerwear"&gt;Верхняя мужская одежда&lt;/a&gt;&lt;/li&gt;&lt;li&gt;&lt;a href="/kazan/offers?segment=shirts"&gt;Рубашки&lt;/a&gt;&lt;/li&gt;&lt;li&gt;&lt;a href="/kazan/offers?segment=mens-underwear"&gt;Мужское белье&lt;/a&gt;&lt;/li&gt;&lt;li&gt;&lt;a href="/kazan/offers?segment=mens-home-clothes"&gt;Домашняя мужская одежда&lt;/a&gt;&lt;/li&gt;&lt;/ul&gt;&lt;/li&gt;&lt;li&gt;&lt;a href="/kazan/offers?segment=womens-clothing"&gt;Женская одежда&lt;/a&gt;&lt;ul&gt;&lt;li&gt;&lt;a href="/kazan/offers?segment=womens-outerwear"&gt;Верхняя женская одежда&lt;/a&gt;&lt;/li&gt;&lt;li&gt;&lt;a href="/kazan/offers?segment=womens-home-clothes"&gt;Домашняя женская одежда&lt;/a&gt;&lt;/li&gt;&lt;li&gt;&lt;a href="/kazan/offers?segment=lingerie"&gt;Женское белье&lt;/a&gt;&lt;/li&gt;&lt;li&gt;&lt;a href="/kazan/offers?segment=tights-stockings-socks"&gt;Колготки, чулки и носки&lt;/a&gt;&lt;/li&gt;&lt;/ul&gt;&lt;/li&gt;&lt;li&gt;&lt;a href="/kazan/offers?segment=boys-clothes"&gt;Одежда для мальчиков&lt;/a&gt;&lt;ul&gt;&lt;li&gt;&lt;a href="/kazan/offers?segment=boys-underwear"&gt;Белье для мальчиков&lt;/a&gt;&lt;/li&gt;&lt;/ul&gt;&lt;/li&gt;&lt;li&gt;&lt;a href="/kazan/offers?segment=girls-clothes"&gt;Одежда для девочек&lt;/a&gt;&lt;ul&gt;&lt;li&gt;&lt;a href="/kazan/offers?segment=girls-outerwear"&gt;Верхняя одежда для девочек&lt;/a&gt;&lt;/li&gt;&lt;li&gt;&lt;a href="/kazan/offers?segment=girls-home-clothes"&gt;Домашняя одежда для девочек&lt;/a&gt;&lt;/li&gt;&lt;li&gt;&lt;a href="/kazan/offers?segment=girls-underwear"&gt;Белье для девочек&lt;/a&gt;&lt;/li&gt;&lt;/ul&gt;&lt;/li&gt;&lt;li&gt;&lt;a href="/kazan/offers?segment=shoes"&gt;Обувь&lt;/a&gt;&lt;ul&gt;&lt;li&gt;&lt;a href="/kazan/offers?segment=mens-shoes"&gt;Мужская обувь&lt;/a&gt;&lt;/li&gt;&lt;li&gt;&lt;a href="/kazan/offers?segment=womens-shoes"&gt;Женская обувь&lt;/a&gt;&lt;/li&gt;&lt;li&gt;&lt;a href="/kazan/offers?segment=boys-shoes"&gt;Обувь для мальчиков&lt;/a&gt;&lt;/li&gt;&lt;li&gt;&lt;a href="/kazan/offers?segment=girls-shoes"&gt;Обувь для девочек&lt;/a&gt;&lt;/li&gt;&lt;/ul&gt;&lt;/li&gt;&lt;li&gt;&lt;a href="/kazan/offers?segment=accessories"&gt;Аксессуары&lt;/a&gt;&lt;ul&gt;&lt;li&gt;&lt;a href="/kazan/offers?segment=gloves"&gt;Перчатки&lt;/a&gt;&lt;/li&gt;&lt;li&gt;&lt;a href="/kazan/offers?segment=hats"&gt;Головные уборы&lt;/a&gt;&lt;/li&gt;&lt;/ul&gt;&lt;/li&gt;&lt;/ul&gt;&lt;/li&gt;&lt;li&gt;&lt;a href="/kazan/offers?segment=sport-leisure"&gt;Спорт и отдых&lt;/a&gt;&lt;ul&gt;&lt;li&gt;&lt;a href="/kazan/offers?segment=sport-shoes"&gt;Спортивная обувь&lt;/a&gt;&lt;/li&gt;&lt;li&gt;&lt;a href="/kazan/offers?segment=sport-intentory"&gt;Спортивный и туристический инвентарь&lt;/a&gt;&lt;/li&gt;&lt;li&gt;&lt;a href="/kazan/offers?segment=scooters-bikes"&gt;Самокаты и велосипеды&lt;/a&gt;&lt;/li&gt;&lt;/ul&gt;&lt;/li&gt;&lt;li&gt;&lt;a href="/kazan/offers?segment=stationery"&gt;Канцтовары&lt;/a&gt;&lt;ul&gt;&lt;li&gt;&lt;a href="/kazan/offers?segment=school"&gt;Для школы&lt;/a&gt;&lt;/li&gt;&lt;li&gt;&lt;a href="/kazan/offers?segment=office"&gt;Для офиса&lt;/a&gt;&lt;/li&gt;&lt;li&gt;&lt;a href="/kazan/offers?segment=knapsacks-backpacks-briefcases"&gt;Ранцы, рюкзаки, портфели&lt;/a&gt;&lt;/li&gt;&lt;/ul&gt;&lt;/li&gt;&lt;li&gt;&lt;a href="/kazan/offers?segment=electronics"&gt;Электроника&lt;/a&gt;&lt;ul&gt;&lt;li&gt;&lt;a href="/kazan/offers?segment=phones-tablets"&gt;Телефоны и планшеты&lt;/a&gt;&lt;/li&gt;&lt;li&gt;&lt;a href="/kazan/offers?segment=computers"&gt;Компьютеры&lt;/a&gt;&lt;/li&gt;&lt;li&gt;&lt;a href="/kazan/offers?segment=mielkaia_bytovaia_tiekhnika"&gt;Мелкая бытовая техника&lt;/a&gt;&lt;/li&gt;&lt;li&gt;&lt;a href="/kazan/offers?segment=audio-video-equipment"&gt;Аудио- и видеотехника&lt;/a&gt;&lt;/li&gt;&lt;/ul&gt;&lt;/li&gt;&lt;/ul&gt; &lt;/div&gt;&lt;/nav&gt;&lt;section&gt;  &lt;a href="/kazan/offers/ebe6339b-3f8a-4b05-a661-2b0d4b6909a3" itemscope="" itemtype="http://schema.org/Product" style="border: 1px solid #000"&gt;&lt;meta itemprop="name" content="ФИЛЕ КУРИНОЙ ГРУДКИ охлажденное, Мираторг"&gt; &lt;image src="https://s.edadeal.ru/items/21/th300/2362325.jpg" alt="ФИЛЕ КУРИНОЙ ГРУДКИ охлажденное, Мираторг" itemprop="image"&gt;&lt;/image&gt; &lt;h2 itemprop="description"&gt;ФИЛЕ КУРИНОЙ ГРУДКИ охлажденное, Мираторг&lt;/h2&gt; &lt;div itemprop="offers" itemscope="" itemtype="http://schema.org/Offer"&gt; &lt;meta itemprop="price" content="229"&gt;&lt;meta itemprop="priceCurrency" content="RUB"&gt;&lt;meta itemprop="priceValidUntil" content="2017-09-11T23:59:59.000Z"&gt;&lt;meta itemprop="availability" content="http://schema.org/InStoreOnly"&gt; &lt;div&gt;229,00&amp;nbsp;₽&lt;/div&gt; &lt;div style="text-decoration: line-through"&gt;285,00&amp;nbsp;₽&lt;/div&gt; &lt;div&gt;До&amp;nbsp;11&nbsp;сентября&lt;/div&gt;&lt;/div&gt;&lt;/a&gt;  &lt;a href="/kazan/offers/37226124-7381-4e75-a44f-3881b22aef34" itemscope="" itemtype="http://schema.org/Product" style="border: 1px solid #000"&gt;&lt;meta itemprop="name" content="ГОЛЕНЬ КУРИНАЯ охлажденная, Мираторг"&gt; &lt;image src="https://s.edadeal.ru/items/21/th300/2362511.jpg" alt="ГОЛЕНЬ КУРИНАЯ охлажденная, Мираторг" itemprop="image"&gt;&lt;/image&gt; &lt;h2 itemprop="description"&gt;ГОЛЕНЬ КУРИНАЯ охлажденная, Мираторг&lt;/h2&gt; &lt;div itemprop="offers" itemscope="" itemtype="http://schema.org/Offer"&gt; &lt;meta itemprop="price" content="139"&gt;&lt;meta itemprop="priceCurrency" content="RUB"&gt;&lt;meta itemprop="priceValidUntil" content="2017-09-11T23:59:59.000Z"&gt;&lt;meta itemprop="availability" content="http://schema.org/InStoreOnly"&gt; &lt;div&gt;139,00&amp;nbsp;₽&lt;/div&gt; &lt;div style="text-decoration: line-through"&gt;177,00&amp;nbsp;₽&lt;/div&gt; &lt;div&gt;До&amp;nbsp;11&nbsp;сентября&lt;/div&gt;&lt;/div&gt;&lt;/a&gt;  &lt;a href="/kazan/offers/051d889b-fc13-4c7d-8bcf-b9bce236a3a9" itemscope="" itemtype="http://schema.org/Product" style="border: 1px solid #000"&gt;&lt;meta itemprop="name" content="Грудка куриная На подложке замороженная &amp;quot;Приосколье&amp;quot;"&gt; &lt;image src="https://s.edadeal.ru/items/329/th300/2335720.jpg" alt="Грудка куриная На подложке замороженная &amp;quot;Приосколье&amp;quot;" itemprop="image"&gt;&lt;/image&gt; &lt;h2 itemprop="description"&gt;Грудка куриная На&nbsp;подложке замороженная «Приосколье»&lt;/h2&gt; &lt;div itemprop="offers" itemscope="" itemtype="http://schema.org/Offer"&gt; &lt;meta itemprop="price" content="127"&gt;&lt;meta itemprop="priceCurrency" content="RUB"&gt;&lt;meta itemprop="priceValidUntil" content="2017-09-30T23:59:59.000Z"&gt;&lt;meta itemprop="availability" content="http://schema.org/InStoreOnly"&gt; &lt;div&gt;127,00&amp;nbsp;₽&lt;/div&gt; &lt;div style="text-decoration: line-through"&gt;&amp;nbsp;₽&lt;/div&gt; &lt;div&gt;До&amp;nbsp;30&nbsp;сентября&lt;/div&gt;&lt;/div&gt;&lt;/a&gt;  &lt;a href="/kazan/offers/38125511-d8ca-450d-a0a5-4ff9ee1d434c" itemscope="" itemtype="http://schema.org/Product" style="border: 1px solid #000"&gt;&lt;meta itemprop="name" content="Голень куриная, охлажденная"&gt; &lt;image src="https://s.edadeal.ru/items/2/th300/2336752.jpg" alt="Голень куриная, охлажденная" itemprop="image"&gt;&lt;/image&gt; &lt;h2 itemprop="description"&gt;Голень куриная, охлажденная&lt;/h2&gt; &lt;div itemprop="offers" itemscope="" itemtype="http://schema.org/Offer"&gt; &lt;meta itemprop="price" content="155"&gt;&lt;meta itemprop="priceCurrency" content="RUB"&gt;&lt;meta itemprop="priceValidUntil" content="2017-09-11T23:59:59.000Z"&gt;&lt;meta itemprop="availability" content="http://schema.org/InStoreOnly"&gt; &lt;div&gt;155,00&amp;nbsp;₽&lt;/div&gt; &lt;div style="text-decoration: line-through"&gt;177,00&amp;nbsp;₽&lt;/div&gt; &lt;div&gt;До&amp;nbsp;11&nbsp;сентября&lt;/div&gt;&lt;/div&gt;&lt;/a&gt;  &lt;a href="/kazan/offers/70271e76-7bf6-4e82-88df-daea1b5ed18f" itemscope="" itemtype="http://schema.org/Product" style="border: 1px solid #000"&gt;&lt;meta itemprop="name" content="Грудки куриная, охлажденная"&gt; &lt;image src="https://s.edadeal.ru/items/2/th300/2336753.jpg" alt="Грудки куриная, охлажденная" itemprop="image"&gt;&lt;/image&gt; &lt;h2 itemprop="description"&gt;Грудки куриная, охлажденная&lt;/h2&gt; &lt;div itemprop="offers" itemscope="" itemtype="http://schema.org/Offer"&gt; &lt;meta itemprop="price" content="159"&gt;&lt;meta itemprop="priceCurrency" content="RUB"&gt;&lt;meta itemprop="priceValidUntil" content="2017-09-11T23:59:59.000Z"&gt;&lt;meta itemprop="availability" content="http://schema.org/InStoreOnly"&gt; &lt;div&gt;159,00&amp;nbsp;₽&lt;/div&gt; &lt;div style="text-decoration: line-through"&gt;191,00&amp;nbsp;₽&lt;/div&gt; &lt;div&gt;До&amp;nbsp;11&nbsp;сентября&lt;/div&gt;&lt;/div&gt;&lt;/a&gt;  &lt;a href="/kazan/offers/7571a05a-3965-4685-bbe3-fb4ede6c2442" itemscope="" itemtype="http://schema.org/Product" style="border: 1px solid #000"&gt;&lt;meta itemprop="name" content="Филе куриное, охлажденное"&gt; &lt;image src="https://s.edadeal.ru/items/2/th300/2336754.jpg" alt="Филе куриное, охлажденное" itemprop="image"&gt;&lt;/image&gt; &lt;h2 itemprop="description"&gt;Филе куриное, охлажденное&lt;/h2&gt; &lt;div itemprop="offers" itemscope="" itemtype="http://schema.org/Offer"&gt; &lt;meta itemprop="price" content="209"&gt;&lt;meta itemprop="priceCurrency" content="RUB"&gt;&lt;meta itemprop="priceValidUntil" content="2017-09-11T23:59:59.000Z"&gt;&lt;meta itemprop="availability" content="http://schema.org/InStoreOnly"&gt; &lt;div&gt;209,00&amp;nbsp;₽&lt;/div&gt; &lt;div style="text-decoration: line-through"&gt;253,00&amp;nbsp;₽&lt;/div&gt; &lt;div&gt;До&amp;nbsp;11&nbsp;сентября&lt;/div&gt;&lt;/div&gt;&lt;/a&gt;  &lt;a href="/kazan/offers/900addb9-cb37-4ada-b03e-d47a579180d3" itemscope="" itemtype="http://schema.org/Product" style="border: 1px solid #000"&gt;&lt;meta itemprop="name" content="Крыло куриное, охлажденное"&gt; &lt;image src="https://s.edadeal.ru/items/2/th300/2336755.jpg" alt="Крыло куриное, охлажденное" itemprop="image"&gt;&lt;/image&gt; &lt;h2 itemprop="description"&gt;Крыло куриное, охлажденное&lt;/h2&gt; &lt;div itemprop="offers" itemscope="" itemtype="http://schema.org/Offer"&gt; &lt;meta itemprop="price" content="129"&gt;&lt;meta itemprop="priceCurrency" content="RUB"&gt;&lt;meta itemprop="priceValidUntil" content="2017-09-11T23:59:59.000Z"&gt;&lt;meta itemprop="availability" content="http://schema.org/InStoreOnly"&gt; &lt;div&gt;129,00&amp;nbsp;₽&lt;/div&gt; &lt;div style="text-decoration: line-through"&gt;148,00&amp;nbsp;₽&lt;/div&gt; &lt;div&gt;До&amp;nbsp;11&nbsp;сентября&lt;/div&gt;&lt;/div&gt;&lt;/a&gt;  &lt;a href="/kazan/offers/fb1c6166-5631-4b50-b4e9-e27447617255" itemscope="" itemtype="http://schema.org/Product" style="border: 1px solid #000"&gt;&lt;meta itemprop="name" content="Окорочок куриный без крестцовой части охлажденный подложка"&gt; &lt;image src="https://s.edadeal.ru/items/18/th300/2348987.jpg" alt="Окорочок куриный без крестцовой части охлажденный подложка" itemprop="image"&gt;&lt;/image&gt; &lt;h2 itemprop="description"&gt;Окорочок куриный без крестцовой части охлажденный подложка&lt;/h2&gt; &lt;div itemprop="offers" itemscope="" itemtype="http://schema.org/Offer"&gt; &lt;meta itemprop="price" content="169"&gt;&lt;meta itemprop="priceCurrency" content="RUB"&gt;&lt;meta itemprop="priceValidUntil" content="2017-09-20T23:59:59.000Z"&gt;&lt;meta itemprop="availability" content="http://schema.org/InStoreOnly"&gt; &lt;div&gt;169,00&amp;nbsp;₽&lt;/div&gt; &lt;div style="text-decoration: line-through"&gt;&amp;nbsp;₽&lt;/div&gt; &lt;div&gt;До&amp;nbsp;20&nbsp;сентября&lt;/div&gt;&lt;/div&gt;&lt;/a&gt;  &lt;a href="/kazan/offers/b11cc6e0-77b2-4b78-9522-edce888d2cc4" itemscope="" itemtype="http://schema.org/Product" style="border: 1px solid #000"&gt;&lt;meta itemprop="name" content="Бедро куриное охлажденное подложка"&gt; &lt;image src="https://s.edadeal.ru/items/18/th300/2348988.jpg" alt="Бедро куриное охлажденное подложка" itemprop="image"&gt;&lt;/image&gt; &lt;h2 itemprop="description"&gt;Бедро куриное охлажденное подложка&lt;/h2&gt; &lt;div itemprop="offers" itemscope="" itemtype="http://schema.org/Offer"&gt; &lt;meta itemprop="price" content="124"&gt;&lt;meta itemprop="priceCurrency" content="RUB"&gt;&lt;meta itemprop="priceValidUntil" content="2017-09-20T23:59:59.000Z"&gt;&lt;meta itemprop="availability" content="http://schema.org/InStoreOnly"&gt; &lt;div&gt;124,00&amp;nbsp;₽&lt;/div&gt; &lt;div style="text-decoration: line-through"&gt;&amp;nbsp;₽&lt;/div&gt; &lt;div&gt;До&amp;nbsp;20&nbsp;сентября&lt;/div&gt;&lt;/div&gt;&lt;/a&gt;  &lt;a href="/kazan/offers/9f1e8c93-2ffe-4307-8316-53fe7e6960bc" itemscope="" itemtype="http://schema.org/Product" style="border: 1px solid #000"&gt;&lt;meta itemprop="name" content="Филе куриное охлажденное подложка"&gt; &lt;image src="https://s.edadeal.ru/items/18/th300/2348992.jpg" alt="Филе куриное охлажденное подложка" itemprop="image"&gt;&lt;/image&gt; &lt;h2 itemprop="description"&gt;Филе куриное охлажденное подложка&lt;/h2&gt; &lt;div itemprop="offers" itemscope="" itemtype="http://schema.org/Offer"&gt; &lt;meta itemprop="price" content="199"&gt;&lt;meta itemprop="priceCurrency" content="RUB"&gt;&lt;meta itemprop="priceValidUntil" content="2017-09-20T23:59:59.000Z"&gt;&lt;meta itemprop="availability" content="http://schema.org/InStoreOnly"&gt; &lt;div&gt;199,00&amp;nbsp;₽&lt;/div&gt; &lt;div style="text-decoration: line-through"&gt;&amp;nbsp;₽&lt;/div&gt; &lt;div&gt;До&amp;nbsp;20&nbsp;сентября&lt;/div&gt;&lt;/div&gt;&lt;/a&gt;  &lt;a href="/kazan/offers/ea63df78-20d8-4e6e-913f-12935a07f97b" itemscope="" itemtype="http://schema.org/Product" style="border: 1px solid #000"&gt;&lt;meta itemprop="name" content="Крыло куриное МИРАТОРГ охлажденное"&gt; &lt;image src="https://s.edadeal.ru/items/3/th300/2371848.jpg" alt="Крыло куриное МИРАТОРГ охлажденное" itemprop="image"&gt;&lt;/image&gt; &lt;h2 itemprop="description"&gt;Крыло куриное МИРАТОРГ охлажденное&lt;/h2&gt; &lt;div itemprop="offers" itemscope="" itemtype="http://schema.org/Offer"&gt; &lt;meta itemprop="price" content="109"&gt;&lt;meta itemprop="priceCurrency" content="RUB"&gt;&lt;meta itemprop="priceValidUntil" content="2017-09-12T23:59:59.000Z"&gt;&lt;meta itemprop="availability" content="http://schema.org/InStoreOnly"&gt; &lt;div&gt;109,00&amp;nbsp;₽&lt;/div&gt; &lt;div style="text-decoration: line-through"&gt;145,00&amp;nbsp;₽&lt;/div&gt; &lt;div&gt;До&amp;nbsp;12&nbsp;сентября&lt;/div&gt;&lt;/div&gt;&lt;/a&gt;  &lt;a href="/kazan/offers/f7af83c8-8194-4b76-8004-2af5ed9ac18c" itemscope="" itemtype="http://schema.org/Product" style="border: 1px solid #000"&gt;&lt;meta itemprop="name" content="Филе куриное МИРАТОРГ охлажденное"&gt; &lt;image src="https://s.edadeal.ru/items/3/th300/2371849.jpg" alt="Филе куриное МИРАТОРГ охлажденное" itemprop="image"&gt;&lt;/image&gt; &lt;h2 itemprop="description"&gt;Филе куриное МИРАТОРГ охлажденное&lt;/h2&gt; &lt;div itemprop="offers" itemscope="" itemtype="http://schema.org/Offer"&gt; &lt;meta itemprop="price" content="159"&gt;&lt;meta itemprop="priceCurrency" content="RUB"&gt;&lt;meta itemprop="priceValidUntil" content="2017-09-12T23:59:59.000Z"&gt;&lt;meta itemprop="availability" content="http://schema.org/InStoreOnly"&gt; &lt;div&gt;159,00&amp;nbsp;₽&lt;/div&gt; &lt;div style="text-decoration: line-through"&gt;249,00&amp;nbsp;₽&lt;/div&gt; &lt;div&gt;До&amp;nbsp;12&nbsp;сентября&lt;/div&gt;&lt;/div&gt;&lt;/a&gt;  &lt;a href="/kazan/offers/9fb48ef2-3552-4deb-8ff5-89c0ac49ca4e" itemscope="" itemtype="http://schema.org/Product" style="border: 1px solid #000"&gt;&lt;meta itemprop="name" content="Бедро куриное АКАШЕВО охлажденное"&gt; &lt;image src="https://s.edadeal.ru/items/3/th300/2371851.jpg" alt="Бедро куриное АКАШЕВО охлажденное" itemprop="image"&gt;&lt;/image&gt; &lt;h2 itemprop="description"&gt;Бедро куриное АКАШЕВО охлажденное&lt;/h2&gt; &lt;div itemprop="offers" itemscope="" itemtype="http://schema.org/Offer"&gt; &lt;meta itemprop="price" content="129"&gt;&lt;meta itemprop="priceCurrency" content="RUB"&gt;&lt;meta itemprop="priceValidUntil" content="2017-09-12T23:59:59.000Z"&gt;&lt;meta itemprop="availability" content="http://schema.org/InStoreOnly"&gt; &lt;div&gt;129,00&amp;nbsp;₽&lt;/div&gt; &lt;div style="text-decoration: line-through"&gt;159,00&amp;nbsp;₽&lt;/div&gt; &lt;div&gt;До&amp;nbsp;12&nbsp;сентября&lt;/div&gt;&lt;/div&gt;&lt;/a&gt;  &lt;a href="/kazan/offers/7bf70ccf-c7d0-4761-8f28-159d3f24e659" itemscope="" itemtype="http://schema.org/Product" style="border: 1px solid #000"&gt;&lt;meta itemprop="name" content="Тушки цыплят зам. Чамзинка пакет ГОСТ"&gt; &lt;image src="https://s.edadeal.ru/items/329/th300/2335721.jpg" alt="Тушки цыплят зам. Чамзинка пакет ГОСТ" itemprop="image"&gt;&lt;/image&gt; &lt;h2 itemprop="description"&gt;Тушки цыплят&nbsp;зам. Чамзинка пакет ГОСТ&lt;/h2&gt; &lt;div itemprop="offers" itemscope="" itemtype="http://schema.org/Offer"&gt; &lt;meta itemprop="price" content="105"&gt;&lt;meta itemprop="priceCurrency" content="RUB"&gt;&lt;meta itemprop="priceValidUntil" content="2017-09-30T23:59:59.000Z"&gt;&lt;meta itemprop="availability" content="http://schema.org/InStoreOnly"&gt; &lt;div&gt;105,00&amp;nbsp;₽&lt;/div&gt; &lt;div style="text-decoration: line-through"&gt;&amp;nbsp;₽&lt;/div&gt; &lt;div&gt;До&amp;nbsp;30&nbsp;сентября&lt;/div&gt;&lt;/div&gt;&lt;/a&gt;  &lt;a href="/kazan/offers/41f05917-a0c6-4ea3-8af1-7175e6598230" itemscope="" itemtype="http://schema.org/Product" style="border: 1px solid #000"&gt;&lt;meta itemprop="name" content="Цыпленок-бройлер, халяль, охлажденный, Акашево"&gt; &lt;image src="https://s.edadeal.ru/items/2/th300/2336730.jpg" alt="Цыпленок-бройлер, халяль, охлажденный, Акашево" itemprop="image"&gt;&lt;/image&gt; &lt;h2 itemprop="description"&gt;Цыпленок-бройлер, халяль, охлажденный, Акашево&lt;/h2&gt; &lt;div itemprop="offers" itemscope="" itemtype="http://schema.org/Offer"&gt; &lt;meta itemprop="price" content="109"&gt;&lt;meta itemprop="priceCurrency" content="RUB"&gt;&lt;meta itemprop="priceValidUntil" content="2017-09-11T23:59:59.000Z"&gt;&lt;meta itemprop="availability" content="http://schema.org/InStoreOnly"&gt; &lt;div&gt;109,00&amp;nbsp;₽&lt;/div&gt; &lt;div style="text-decoration: line-through"&gt;&amp;nbsp;₽&lt;/div&gt; &lt;div&gt;До&amp;nbsp;11&nbsp;сентября&lt;/div&gt;&lt;/div&gt;&lt;/a&gt;  &lt;a href="/kazan/offers/89cd56ea-0bc0-42c3-956f-409648874da2" itemscope="" itemtype="http://schema.org/Product" style="border: 1px solid #000"&gt;&lt;meta itemprop="name" content="Бедрышко ПЕСТРЕЧИНКА цыпленка бройлера охлажденное"&gt; &lt;image src="https://s.edadeal.ru/items/7/th300/2366093.jpg" alt="Бедрышко ПЕСТРЕЧИНКА цыпленка бройлера охлажденное" itemprop="image"&gt;&lt;/image&gt; &lt;h2 itemprop="description"&gt;Бедрышко ПЕСТРЕЧИНКА цыпленка бройлера охлажденное&lt;/h2&gt; &lt;div itemprop="offers" itemscope="" itemtype="http://schema.org/Offer"&gt; &lt;meta itemprop="price" content="114"&gt;&lt;meta itemprop="priceCurrency" content="RUB"&gt;&lt;meta itemprop="priceValidUntil" content="2017-09-20T23:59:59.000Z"&gt;&lt;meta itemprop="availability" content="http://schema.org/InStoreOnly"&gt; &lt;div&gt;114,00&amp;nbsp;₽&lt;/div&gt; &lt;div style="text-decoration: line-through"&gt;144,00&amp;nbsp;₽&lt;/div&gt; &lt;div&gt;До&amp;nbsp;20&nbsp;сентября&lt;/div&gt;&lt;/div&gt;&lt;/a&gt;  &lt;a href="/kazan/offers/8ecced32-216c-4254-a447-409471281d02" itemscope="" itemtype="http://schema.org/Product" style="border: 1px solid #000"&gt;&lt;meta itemprop="name" content="Крыло/бедро цыпленка-бройлера МИРАТОРГ охлажденное"&gt; &lt;image src="https://s.edadeal.ru/items/7/th300/2366094.jpg" alt="Крыло/бедро цыпленка-бройлера МИРАТОРГ охлажденное" itemprop="image"&gt;&lt;/image&gt; &lt;h2 itemprop="description"&gt;Крыло/бедро цыпленка-бройлера МИРАТОРГ охлажденное&lt;/h2&gt; &lt;div itemprop="offers" itemscope="" itemtype="http://schema.org/Offer"&gt; &lt;meta itemprop="price" content="99"&gt;&lt;meta itemprop="priceCurrency" content="RUB"&gt;&lt;meta itemprop="priceValidUntil" content="2017-09-20T23:59:59.000Z"&gt;&lt;meta itemprop="availability" content="http://schema.org/InStoreOnly"&gt; &lt;div&gt;99,00&amp;nbsp;₽&lt;/div&gt; &lt;div style="text-decoration: line-through"&gt;134,00&amp;nbsp;₽&lt;/div&gt; &lt;div&gt;До&amp;nbsp;20&nbsp;сентября&lt;/div&gt;&lt;/div&gt;&lt;/a&gt;  &lt;a href="/kazan/offers/9a2bdecf-e647-4611-9469-325ec57a24a4" itemscope="" itemtype="http://schema.org/Product" style="border: 1px solid #000"&gt;&lt;meta itemprop="name" content="Цыпленок- бройлер АКАШЕВО охлажденный"&gt; &lt;image src="https://s.edadeal.ru/items/3/th300/2371853.jpg" alt="Цыпленок- бройлер АКАШЕВО охлажденный" itemprop="image"&gt;&lt;/image&gt; &lt;h2 itemprop="description"&gt;Цыпленок- бройлер АКАШЕВО охлажденный&lt;/h2&gt; &lt;div itemprop="offers" itemscope="" itemtype="http://schema.org/Offer"&gt; &lt;meta itemprop="price" content="124"&gt;&lt;meta itemprop="priceCurrency" content="RUB"&gt;&lt;meta itemprop="priceValidUntil" content="2017-09-12T23:59:59.000Z"&gt;&lt;meta itemprop="availability" content="http://schema.org/InStoreOnly"&gt; &lt;div&gt;124,00&amp;nbsp;₽&lt;/div&gt; &lt;div style="text-decoration: line-through"&gt;149,00&amp;nbsp;₽&lt;/div&gt; &lt;div&gt;До&amp;nbsp;12&nbsp;сентября&lt;/div&gt;&lt;/div&gt;&lt;/a&gt;  &lt;a href="/kazan/offers/cd5e295c-dbab-4b60-8b3d-9d170efcb0e0" itemscope="" itemtype="http://schema.org/Product" style="border: 1px solid #000"&gt;&lt;meta itemprop="name" content="Голень индейки охлажденная вакуумная упаковка"&gt; &lt;image src="https://s.edadeal.ru/items/18/th300/2356772.jpg" alt="Голень индейки охлажденная вакуумная упаковка" itemprop="image"&gt;&lt;/image&gt; &lt;h2 itemprop="description"&gt;Голень индейки охлажденная вакуумная упаковка&lt;/h2&gt; &lt;div itemprop="offers" itemscope="" itemtype="http://schema.org/Offer"&gt; &lt;meta itemprop="price" content="159"&gt;&lt;meta itemprop="priceCurrency" content="RUB"&gt;&lt;meta itemprop="priceValidUntil" content="2017-09-20T23:59:59.000Z"&gt;&lt;meta itemprop="availability" content="http://schema.org/InStoreOnly"&gt; &lt;div&gt;159,00&amp;nbsp;₽&lt;/div&gt; &lt;div style="text-decoration: line-through"&gt;&amp;nbsp;₽&lt;/div&gt; &lt;div&gt;До&amp;nbsp;20&nbsp;сентября&lt;/div&gt;&lt;/div&gt;&lt;/a&gt;  &lt;a href="/kazan/offers/8228253c-da80-46ef-8f54-d08a88b9ac42" itemscope="" itemtype="http://schema.org/Product" style="border: 1px solid #000"&gt;&lt;meta itemprop="name" content="Филе грудки индейки охлажденное вакуумная упаковка"&gt; &lt;image src="https://s.edadeal.ru/items/18/th300/2356774.jpg" alt="Филе грудки индейки охлажденное вакуумная упаковка" itemprop="image"&gt;&lt;/image&gt; &lt;h2 itemprop="description"&gt;Филе грудки индейки охлажденное вакуумная упаковка&lt;/h2&gt; &lt;div itemprop="offers" itemscope="" itemtype="http://schema.org/Offer"&gt; &lt;meta itemprop="price" content="319"&gt;&lt;meta itemprop="priceCurrency" content="RUB"&gt;&lt;meta itemprop="priceValidUntil" content="2017-09-20T23:59:59.000Z"&gt;&lt;meta itemprop="availability" content="http://schema.org/InStoreOnly"&gt; &lt;div&gt;319,00&amp;nbsp;₽&lt;/div&gt; &lt;div style="text-decoration: line-through"&gt;&amp;nbsp;₽&lt;/div&gt; &lt;div&gt;До&amp;nbsp;20&nbsp;сентября&lt;/div&gt;&lt;/div&gt;&lt;/a&gt;  &lt;a href="/kazan/offers/5bc6fb7d-f11b-4629-a4e0-a1c7b3817877" itemscope="" itemtype="http://schema.org/Product" style="border: 1px solid #000"&gt;&lt;meta itemprop="name" content="Тушка утенка потрошеная охлажденная вакуумная упаковка"&gt; &lt;image src="https://s.edadeal.ru/items/18/th300/2349002.jpg" alt="Тушка утенка потрошеная охлажденная вакуумная упаковка" itemprop="image"&gt;&lt;/image&gt; &lt;h2 itemprop="description"&gt;Тушка утенка потрошеная охлажденная вакуумная упаковка&lt;/h2&gt; &lt;div itemprop="offers" itemscope="" itemtype="http://schema.org/Offer"&gt; &lt;meta itemprop="price" content="199"&gt;&lt;meta itemprop="priceCurrency" content="RUB"&gt;&lt;meta itemprop="priceValidUntil" content="2017-09-20T23:59:59.000Z"&gt;&lt;meta itemprop="availability" content="http://schema.org/InStoreOnly"&gt; &lt;div&gt;199,00&amp;nbsp;₽&lt;/div&gt; &lt;div style="text-decoration: line-through"&gt;&amp;nbsp;₽&lt;/div&gt; &lt;div&gt;До&amp;nbsp;20&nbsp;сентября&lt;/div&gt;&lt;/div&gt;&lt;/a&gt;  &lt;a href="/kazan/offers/582366a5-c3b6-4223-a3c0-f6159448f87a" itemscope="" itemtype="http://schema.org/Product" style="border: 1px solid #000"&gt;&lt;meta itemprop="name" content="Шашлык куриный (крыло) охлажденный"&gt; &lt;image src="https://s.edadeal.ru/items/60/th300/2324589.jpg" alt="Шашлык куриный (крыло) охлажденный" itemprop="image"&gt;&lt;/image&gt; &lt;h2 itemprop="description"&gt;Шашлык куриный (крыло) охлажденный&lt;/h2&gt; &lt;div itemprop="offers" itemscope="" itemtype="http://schema.org/Offer"&gt; &lt;meta itemprop="price" content="139"&gt;&lt;meta itemprop="priceCurrency" content="RUB"&gt;&lt;meta itemprop="priceValidUntil" content="2017-09-11T23:59:59.000Z"&gt;&lt;meta itemprop="availability" content="http://schema.org/InStoreOnly"&gt; &lt;div&gt;139,00&amp;nbsp;₽&lt;/div&gt; &lt;div style="text-decoration: line-through"&gt;199,00&amp;nbsp;₽&lt;/div&gt; &lt;div&gt;До&amp;nbsp;11&nbsp;сентября&lt;/div&gt;&lt;/div&gt;&lt;/a&gt;  &lt;a href="/kazan/offers/a9b9345f-5ae5-4268-9426-a2d25bb51628" itemscope="" itemtype="http://schema.org/Product" style="border: 1px solid #000"&gt;&lt;meta itemprop="name" content="КРЫЛЫШКИ КУРИНЫЕ в соусе Баффало, Хорошее Дело"&gt; &lt;image src="https://s.edadeal.ru/items/21/th300/2362323.jpg" alt="КРЫЛЫШКИ КУРИНЫЕ в соусе Баффало, Хорошее Дело" itemprop="image"&gt;&lt;/image&gt; &lt;h2 itemprop="description"&gt;КРЫЛЫШКИ КУРИНЫЕ в&nbsp;соусе Баффало, Хорошее Дело&lt;/h2&gt; &lt;div itemprop="offers" itemscope="" itemtype="http://schema.org/Offer"&gt; &lt;meta itemprop="price" content="15.4"&gt;&lt;meta itemprop="priceCurrency" content="RUB"&gt;&lt;meta itemprop="priceValidUntil" content="2017-09-11T23:59:59.000Z"&gt;&lt;meta itemprop="availability" content="http://schema.org/InStoreOnly"&gt; &lt;div&gt;15,40&amp;nbsp;₽&lt;/div&gt; &lt;div style="text-decoration: line-through"&gt;18,90&amp;nbsp;₽&lt;/div&gt; &lt;div&gt;До&amp;nbsp;11&nbsp;сентября&lt;/div&gt;&lt;/div&gt;&lt;/a&gt;  &lt;a href="/kazan/offers/96d26386-7689-4b08-8e9a-88b86615bd68" itemscope="" itemtype="http://schema.org/Product" style="border: 1px solid #000"&gt;&lt;meta itemprop="name" content="ФАРШ ИЗ ИНДЕЙКИ, охлажденный, Лайт"&gt; &lt;image src="https://s.edadeal.ru/items/21/th300/2362447.jpg" alt="ФАРШ ИЗ ИНДЕЙКИ, охлажденный, Лайт" itemprop="image"&gt;&lt;/image&gt; &lt;h2 itemprop="description"&gt;ФАРШ ИЗ&nbsp;ИНДЕЙКИ, охлажденный, Лайт&lt;/h2&gt; &lt;div itemprop="offers" itemscope="" itemtype="http://schema.org/Offer"&gt; &lt;meta itemprop="price" content="109"&gt;&lt;meta itemprop="priceCurrency" content="RUB"&gt;&lt;meta itemprop="priceValidUntil" content="2017-09-11T23:59:59.000Z"&gt;&lt;meta itemprop="availability" content="http://schema.org/InStoreOnly"&gt; &lt;div&gt;109,00&amp;nbsp;₽&lt;/div&gt; &lt;div style="text-decoration: line-through"&gt;164,00&amp;nbsp;₽&lt;/div&gt; &lt;div&gt;До&amp;nbsp;11&nbsp;сентября&lt;/div&gt;&lt;/div&gt;&lt;/a&gt;  &lt;a href="/kazan/offers/343155b8-d95e-4554-8776-ce17485b0fb6" itemscope="" itemtype="http://schema.org/Product" style="border: 1px solid #000"&gt;&lt;meta itemprop="name" content="Купаты Боярские, из индейки охлажденные, Индилайт"&gt; &lt;image src="https://s.edadeal.ru/items/2/th300/2336751.jpg" alt="Купаты Боярские, из индейки охлажденные, Индилайт" itemprop="image"&gt;&lt;/image&gt; &lt;h2 itemprop="description"&gt;Купаты Боярские, из&nbsp;индейки охлажденные, Индилайт&lt;/h2&gt; &lt;div itemprop="offers" itemscope="" itemtype="http://schema.org/Offer"&gt; &lt;meta itemprop="price" content="145"&gt;&lt;meta itemprop="priceCurrency" content="RUB"&gt;&lt;meta itemprop="priceValidUntil" content="2017-09-11T23:59:59.000Z"&gt;&lt;meta itemprop="availability" content="http://schema.org/InStoreOnly"&gt; &lt;div&gt;145,00&amp;nbsp;₽&lt;/div&gt; &lt;div style="text-decoration: line-through"&gt;179,00&amp;nbsp;₽&lt;/div&gt; &lt;div&gt;До&amp;nbsp;11&nbsp;сентября&lt;/div&gt;&lt;/div&gt;&lt;/a&gt;  &lt;a href="/kazan/offers/22686d32-9045-4e55-9eb4-d202f7dce23a" itemscope="" itemtype="http://schema.org/Product" style="border: 1px solid #000"&gt;&lt;meta itemprop="name" content="ШАШЛЫК ПЕСТРЕЧИНКА ОСОБЫЙ"&gt; &lt;image src="https://s.edadeal.ru/items/7/th300/2366095.jpg" alt="ШАШЛЫК ПЕСТРЕЧИНКА ОСОБЫЙ" itemprop="image"&gt;&lt;/image&gt; &lt;h2 itemprop="description"&gt;ШАШЛЫК ПЕСТРЕЧИНКА ОСОБЫЙ&lt;/h2&gt; &lt;div itemprop="offers" itemscope="" itemtype="http://schema.org/Offer"&gt; &lt;meta itemprop="price" content="124"&gt;&lt;meta itemprop="priceCurrency" content="RUB"&gt;&lt;meta itemprop="priceValidUntil" content="2017-09-20T23:59:59.000Z"&gt;&lt;meta itemprop="availability" content="http://schema.org/InStoreOnly"&gt; &lt;div&gt;124,00&amp;nbsp;₽&lt;/div&gt; &lt;div style="text-decoration: line-through"&gt;154,00&amp;nbsp;₽&lt;/div&gt; &lt;div&gt;До&amp;nbsp;20&nbsp;сентября&lt;/div&gt;&lt;/div&gt;&lt;/a&gt;  &lt;a href="/kazan/offers/2e674dc0-ed08-49b3-b532-8aee12141747" itemscope="" itemtype="http://schema.org/Product" style="border: 1px solid #000"&gt;&lt;meta itemprop="name" content="Тефтели АКАШЕВО Домашние из мяса птицы охлажденные"&gt; &lt;image src="https://s.edadeal.ru/items/3/th300/2371850.jpg" alt="Тефтели АКАШЕВО Домашние из мяса птицы охлажденные" itemprop="image"&gt;&lt;/image&gt; &lt;h2 itemprop="description"&gt;Тефтели АКАШЕВО Домашние из&nbsp;мяса птицы охлажденные&lt;/h2&gt; &lt;div itemprop="offers" itemscope="" itemtype="http://schema.org/Offer"&gt; &lt;meta itemprop="price" content="119"&gt;&lt;meta itemprop="priceCurrency" content="RUB"&gt;&lt;meta itemprop="priceValidUntil" content="2017-09-12T23:59:59.000Z"&gt;&lt;meta itemprop="availability" content="http://schema.org/InStoreOnly"&gt; &lt;div&gt;119,00&amp;nbsp;₽&lt;/div&gt; &lt;div style="text-decoration: line-through"&gt;149,00&amp;nbsp;₽&lt;/div&gt; &lt;div&gt;До&amp;nbsp;12&nbsp;сентября&lt;/div&gt;&lt;/div&gt;&lt;/a&gt;  &lt;a href="/kazan/offers/2c1cfefd-2ee2-4590-b237-c88c17bd68cc" itemscope="" itemtype="http://schema.org/Product" style="border: 1px solid #000"&gt;&lt;meta itemprop="name" content="Фарш из мяса индейки ПАВА ПАВА охлажденный, Только для супермаркетов &amp;quot;Перекресток&amp;quot; г. Йошкар-Ола и г. Чебоксары"&gt; &lt;image src="https://s.edadeal.ru/items/3/th300/2371852.jpg" alt="Фарш из мяса индейки ПАВА ПАВА охлажденный, Только для супермаркетов &amp;quot;Перекресток&amp;quot; г. Йошкар-Ола и г. Чебоксары" itemprop="image"&gt;&lt;/image&gt; &lt;h2 itemprop="description"&gt;Фарш из&nbsp;мяса индейки ПАВА ПАВА охлажденный, Только для супермаркетов «Перекресток» г.&nbsp;Йошкар-Ола и&nbsp;г.&nbsp;Чебоксары&lt;/h2&gt; &lt;div itemprop="offers" itemscope="" itemtype="http://schema.org/Offer"&gt; &lt;meta itemprop="price" content="129"&gt;&lt;meta itemprop="priceCurrency" content="RUB"&gt;&lt;meta itemprop="priceValidUntil" content="2017-09-12T23:59:59.000Z"&gt;&lt;meta itemprop="availability" content="http://schema.org/InStoreOnly"&gt; &lt;div&gt;129,00&amp;nbsp;₽&lt;/div&gt; &lt;div style="text-decoration: line-through"&gt;159,00&amp;nbsp;₽&lt;/div&gt; &lt;div&gt;До&amp;nbsp;12&nbsp;сентября&lt;/div&gt;&lt;/div&gt;&lt;/a&gt;  &lt;a href="/kazan/offers/a039a0eb-1dfe-43cb-b70f-ec15d5bbd3a3" itemscope="" itemtype="http://schema.org/Product" style="border: 1px solid #000"&gt;&lt;meta itemprop="name" content="Филе грудки индейки ПАВА ПАВА охлажденное, Только для супермаркетов «Перекресток» г. Йошкар-Ола и г. Чебоксары"&gt; &lt;image src="https://s.edadeal.ru/items/3/th300/2372028.jpg" alt="Филе грудки индейки ПАВА ПАВА охлажденное, Только для супермаркетов «Перекресток» г. Йошкар-Ола и г. Чебоксары" itemprop="image"&gt;&lt;/image&gt; &lt;h2 itemprop="description"&gt;Филе грудки индейки ПАВА ПАВА охлажденное, Только для супермаркетов «Перекресток» г.&nbsp;Йошкар-Ола и&nbsp;г.&nbsp;Чебоксары&lt;/h2&gt; &lt;div itemprop="offers" itemscope="" itemtype="http://schema.org/Offer"&gt; &lt;meta itemprop="price" content="219"&gt;&lt;meta itemprop="priceCurrency" content="RUB"&gt;&lt;meta itemprop="priceValidUntil" content="2017-09-12T23:59:59.000Z"&gt;&lt;meta itemprop="availability" content="http://schema.org/InStoreOnly"&gt; &lt;div&gt;219,00&amp;nbsp;₽&lt;/div&gt; &lt;div style="text-decoration: line-through"&gt;259,00&amp;nbsp;₽&lt;/div&gt; &lt;div&gt;До&amp;nbsp;12&nbsp;сентября&lt;/div&gt;&lt;/div&gt;&lt;/a&gt;  &lt;a href="/kazan/offers/e232b66b-be22-4f0c-ba6f-93a3b87bb8f5" itemscope="" itemtype="http://schema.org/Product" style="border: 1px solid #000"&gt;&lt;meta itemprop="name" content="Печень-сердце ПЕСТРЕЧИНКА охлажденное"&gt; &lt;image src="https://s.edadeal.ru/items/7/th300/2366096.jpg" alt="Печень-сердце ПЕСТРЕЧИНКА охлажденное" itemprop="image"&gt;&lt;/image&gt; &lt;h2 itemprop="description"&gt;Печень-сердце ПЕСТРЕЧИНКА охлажденное&lt;/h2&gt; &lt;div itemprop="offers" itemscope="" itemtype="http://schema.org/Offer"&gt; &lt;meta itemprop="price" content="114"&gt;&lt;meta itemprop="priceCurrency" content="RUB"&gt;&lt;meta itemprop="priceValidUntil" content="2017-09-20T23:59:59.000Z"&gt;&lt;meta itemprop="availability" content="http://schema.org/InStoreOnly"&gt; &lt;div&gt;114,00&amp;nbsp;₽&lt;/div&gt; &lt;div style="text-decoration: line-through"&gt;134,00&amp;nbsp;₽&lt;/div&gt; &lt;div&gt;До&amp;nbsp;20&nbsp;сентября&lt;/div&gt;&lt;/div&gt;&lt;/a&gt; &lt;/section&gt;&lt;/main&gt; &lt;footer&gt;&lt;table width="100%"&gt;&lt;tr&gt;&lt;td&gt;&lt;a href="http://corp.edadeal.ru/"&gt;О проекте&lt;/a&gt;&lt;/td&gt;&lt;td&gt;&lt;a href="http://corp.edadeal.ru#rec17663525"&gt;Отзывы&lt;/a&gt;&lt;/td&gt;&lt;td&gt;&lt;a href="http://corp.edadeal.ru#rec18128494"&gt;СМИ о нас&lt;/a&gt;&lt;/td&gt;&lt;td&gt;&lt;a href="http://corp.edadeal.ru/questions"&gt;Вопросы и ответы&lt;/a&gt;&lt;/td&gt;&lt;td&gt;&lt;a href="http://corp.edadeal.ru/retail"&gt;Сетям&lt;/a&gt;&lt;/td&gt;&lt;td&gt;&lt;a href="http://corp.edadeal.ru/legal"&gt;Лицензионное соглашение&lt;/a&gt;&lt;/td&gt;&lt;td&gt;&lt;a href="mailto:hello@edadeal.ru"&gt;hello@edadeal.ru&lt;/a&gt;&lt;/td&gt;&lt;/tr&gt;&lt;/table&gt; &lt;h5&gt;© Едадил, 2017 - &lt;/h5&gt;&lt;/footer&gt; </noscript></body></html>